<?xml version="1.0" encoding="UTF-8"?>
<!DOCTYPE html PUBLIC "-//W3C//DTD XHTML 1.0 Transitional//EN"
    "http://www.w3.org/TR/xhtml1/DTD/xhtml1-transitional.dtd">
<html xmlns="http://www.w3.org/1999/xhtml" xml:lang="en" lang="en">
 <head>
  <title>
</title>
<meta http-equiv="Content-Type" content="text/html;charset=utf-8" />
  <meta name='ocr-system' content='tesseract 3.04.00' />
  <meta name='ocr-capabilities' content='ocr_page ocr_carea ocr_par ocr_line ocrx_word'/>
</head>
<body>
  <div class='ocr_page' id='page_1' title='image "./qhoratiiflaccio02schmgoog_0134.png"; bbox 0 0 2525 3942; ppageno 0'>
   <div class='ocr_carea' id='block_1_1' title="bbox 576 222 826 284">
    <p class='ocr_par' dir='ltr' id='par_1_1' title="bbox 576 175 826 284">
     <span class='ocr_line' id='line_1_1' title="bbox 576 222 826 284; baseline 0 -2"><span class='ocrx_word' id='word_1_1' title='bbox 576 222 775 284; x_wconf 73' lang='lat' dir='ltr'>commotum</span> <span class='ocrx_word' id='word_1_2' title='bbox 823 269 826 274; x_wconf 86' lang='lat'>.</span> 
     </span>
    </p>
   </div>
   <div class='ocr_carea' id='block_1_2' title="bbox 357 372 958 700">
    <p class='ocr_par' dir='ltr' id='par_1_2' title="bbox 358 372 882 454">
     <span class='ocr_line' id='line_1_2' title="bbox 358 372 882 454; baseline 0.002 -21"><span class='ocrx_word' id='word_1_3' title='bbox 358 372 401 433; x_wconf 86' lang='lat' dir='ltr'>&#39;lu</span> <span class='ocrx_word' id='word_1_4' title='bbox 412 382 495 451; x_wconf 89' lang='lat' dir='ltr'>potes</span> <span class='ocrx_word' id='word_1_5' title='bbox 509 373 598 450; x_wconf 77' lang='lat' dir='ltr'>tigres</span> <span class='ocrx_word' id='word_1_6' title='bbox 610 378 785 454; x_wconf 77' lang='lat' dir='ltr'><strong>comitesque</strong></span> <span class='ocrx_word' id='word_1_7' title='bbox 796 375 882 454; x_wconf 81' lang='lat' dir='ltr'>silvas</span> 
     </span>
    </p>

    <p class='ocr_par' dir='ltr' id='par_1_3' title="bbox 357 456 859 527">
     <span class='ocr_line' id='line_1_3' title="bbox 357 456 859 527; baseline 0 -10"><span class='ocrx_word' id='word_1_8' title='bbox 357 456 471 517; x_wconf 85' lang='lat' dir='ltr'>Dueere</span> <span class='ocrx_word' id='word_1_9' title='bbox 482 465 511 516; x_wconf 92' lang='lat' dir='ltr'>et</span> <span class='ocrx_word' id='word_1_10' title='bbox 523 458 601 515; x_wconf 79' lang='lat' dir='ltr'>rivos</span> <span class='ocrx_word' id='word_1_11' title='bbox 617 457 729 518; x_wconf 79' lang='lat' dir='ltr'><strong>celeres</strong></span> <span class='ocrx_word' id='word_1_12' title='bbox 740 461 859 527; x_wconf 88' lang='lat' dir='ltr'>morari;</span> 
     </span>
    </p>

    <p class='ocr_par' dir='ltr' id='par_1_4' title="bbox 357 539 958 700">
     <span class='ocr_line' id='line_1_4' title="bbox 357 539 958 616; baseline 0 -15"><span class='ocrx_word' id='word_1_13' title='bbox 357 539 452 601; x_wconf 82' lang='lat' dir='ltr'>Gessit</span> <span class='ocrx_word' id='word_1_14' title='bbox 466 541 592 599; x_wconf 91' lang='lat' dir='ltr'>immanis</span> <span class='ocrx_word' id='word_1_15' title='bbox 605 542 657 600; x_wconf 86' lang='lat' dir='ltr'>tibi</span> <span class='ocrx_word' id='word_1_16' title='bbox 671 541 823 602; x_wconf 83' lang='lat' dir='ltr'>blandienti</span> <span class='ocrx_word' id='word_1_17' title='bbox 869 611 872 616; x_wconf 25' lang='grc' dir='ltr'>Ι</span> <span class='ocrx_word' id='word_1_18' title='bbox 955 550 958 562; x_wconf 90' lang='grc'><strong>’</strong></span> 
     </span>
     <span class='ocr_line' id='line_1_5' title="bbox 407 622 616 700; baseline -0.01 -17"><span class='ocrx_word' id='word_1_19' title='bbox 407 622 511 683; x_wconf 81' lang='lat' dir='ltr'><strong>Ianitor</strong></span> <span class='ocrx_word' id='word_1_20' title='bbox 522 623 616 700; x_wconf 83' lang='lat' dir='ltr'>aulae,</span> 
     </span>
    </p>
   </div>
   <div class='ocr_carea' id='block_1_3' title="bbox 358 772 1006 853">
    <p class='ocr_par' dir='ltr' id='par_1_5' title="bbox 358 772 1006 853">
     <span class='ocr_line' id='line_1_6' title="bbox 358 772 1006 853; baseline -0.002 -18"><span class='ocrx_word' id='word_1_21' title='bbox 358 772 511 852; x_wconf 81' lang='lat' dir='ltr'>Cerberus,</span> <span class='ocrx_word' id='word_1_22' title='bbox 524 778 651 853; x_wconf 82' lang='lat' dir='ltr'>quamvis</span> <span class='ocrx_word' id='word_1_23' title='bbox 667 775 766 836; x_wconf 90' lang='lat' dir='ltr'>luriale</span> <span class='ocrx_word' id='word_1_24' title='bbox 780 786 890 836; x_wconf 89' lang='lat' dir='ltr'>eentum</span> <span class='ocrx_word' id='word_1_25' title='bbox 955 817 958 828; x_wconf 78' lang='grc'>.</span> <span class='ocrx_word' id='word_1_26' title='bbox 1004 827 1006 834; x_wconf 95' lang='grc'>.</span> 
     </span>
    </p>
   </div>
   <div class='ocr_carea' id='block_1_4' title="bbox 355 857 889 1102">
    <p class='ocr_par' dir='ltr' id='par_1_6' title="bbox 355 857 889 1102">
     <span class='ocr_line' id='line_1_7' title="bbox 355 857 889 938; baseline 0.006 -21"><span class='ocrx_word' id='word_1_27' title='bbox 355 857 480 938; x_wconf 81' lang='lat' dir='ltr'>Muniant</span> <span class='ocrx_word' id='word_1_28' title='bbox 493 878 599 936; x_wconf 80' lang='lat' dir='ltr'><strong>angues</strong></span> <span class='ocrx_word' id='word_1_29' title='bbox 618 869 713 938; x_wconf 86' lang='lat' dir='ltr'>eaput,</span> <span class='ocrx_word' id='word_1_30' title='bbox 729 860 791 920; x_wconf 86' lang='lat' dir='ltr'>eius</span> <span class='ocrx_word' id='word_1_31' title='bbox 804 869 889 938; x_wconf 85' lang='lat' dir='ltr'>atque</span> 
     </span>
     <span class='ocr_line' id='line_1_8' title="bbox 356 943 833 1020; baseline 0.004 -20"><span class='ocrx_word' id='word_1_32' title='bbox 356 943 477 1019; x_wconf 84' lang='lat' dir='ltr'>Spiritus</span> <span class='ocrx_word' id='word_1_33' title='bbox 488 951 561 1000; x_wconf 83' lang='lat' dir='ltr'>teter</span> <span class='ocrx_word' id='word_1_34' title='bbox 575 945 726 1020; x_wconf 78' lang='lat' dir='ltr'>saniesque</span> <span class='ocrx_word' id='word_1_35' title='bbox 741 953 833 1002; x_wconf 89' lang='lat' dir='ltr'>manet</span> 
     </span>
     <span class='ocr_line' id='line_1_9' title="bbox 406 1024 688 1102; baseline -0.004 -18"><span class='ocrx_word' id='word_1_36' title='bbox 406 1024 463 1084; x_wconf 89' lang='lat' dir='ltr'>Ore</span> <span class='ocrx_word' id='word_1_37' title='bbox 477 1025 611 1102; x_wconf 78' lang='lat' dir='ltr'>trilingui.</span> <span class='ocrx_word' id='word_1_38' title='bbox 685 1077 688 1084; x_wconf 90' lang='lat'><em>.</em></span> 
     </span>
    </p>
   </div>
   <div class='ocr_carea' id='block_1_5' title="bbox 293 1146 843 1458">
    <p class='ocr_par' dir='ltr' id='par_1_7' title="bbox 293 1146 843 1458">
     <span class='ocr_line' id='line_1_10' title="bbox 356 1146 824 1226; baseline 0 -18"><span class='ocrx_word' id='word_1_39' title='bbox 356 1148 431 1224; x_wconf 82' lang='lat' dir='ltr'>Quin</span> <span class='ocrx_word' id='word_1_40' title='bbox 443 1158 472 1208; x_wconf 89' lang='lat' dir='ltr'>et</span> <span class='ocrx_word' id='word_1_41' title='bbox 484 1146 566 1209; x_wconf 81' lang='lat' dir='ltr'>Ixion</span> <span class='ocrx_word' id='word_1_42' title='bbox 576 1147 734 1226; x_wconf 77' lang='lat' dir='ltr'>Tityosque</span> <span class='ocrx_word' id='word_1_43' title='bbox 745 1148 824 1209; x_wconf 84' lang='lat' dir='ltr'>vultu</span> 
     </span>
     <span class='ocr_line' id='line_1_11' title="bbox 353 1232 835 1309; baseline -0.002 -17"><span class='ocrx_word' id='word_1_44' title='bbox 353 1232 427 1292; x_wconf 80' lang='lat' dir='ltr'>Risit</span> <span class='ocrx_word' id='word_1_45' title='bbox 438 1234 536 1308; x_wconf 86' lang='lat' dir='ltr'>invito,</span> <span class='ocrx_word' id='word_1_46' title='bbox 549 1234 626 1292; x_wconf 89' lang='lat' dir='ltr'>stetit</span> <span class='ocrx_word' id='word_1_47' title='bbox 641 1251 708 1292; x_wconf 90' lang='lat' dir='ltr'>urna</span> <span class='ocrx_word' id='word_1_48' title='bbox 719 1232 835 1309; x_wconf 91' lang='lat' dir='ltr'>paulum</span> 
     </span>
     <span class='ocr_line' id='line_1_12' title="bbox 353 1314 843 1393; baseline -0.002 -17"><span class='ocrx_word' id='word_1_49' title='bbox 353 1316 446 1392; x_wconf 80' lang='lat' dir='ltr'>Sicca,</span> <span class='ocrx_word' id='word_1_50' title='bbox 462 1315 527 1374; x_wconf 87' lang='lat' dir='ltr'>dum</span> <span class='ocrx_word' id='word_1_51' title='bbox 540 1323 620 1393; x_wconf 85' lang='lat' dir='ltr'>grato</span> <span class='ocrx_word' id='word_1_52' title='bbox 633 1314 721 1374; x_wconf 87' lang='lat' dir='ltr'>Danai</span> <span class='ocrx_word' id='word_1_53' title='bbox 734 1315 843 1393; x_wconf 86' lang='lat' dir='ltr'>puellas</span> 
     </span>
     <span class='ocr_line' id='line_1_13' title="bbox 293 1396 776 1458; baseline -0.004 0"><span class='ocrx_word' id='word_1_54' title='bbox 293 1413 300 1423; x_wconf 57' lang='lat'>⁸</span> <span class='ocrx_word' id='word_1_55' title='bbox 404 1396 532 1458; x_wconf 83' lang='lat' dir='ltr'>Carmine</span> <span class='ocrx_word' id='word_1_56' title='bbox 543 1398 661 1457; x_wconf 84' lang='lat' dir='ltr'>mulces.</span> <span class='ocrx_word' id='word_1_57' title='bbox 774 1417 776 1420; x_wconf 90' lang='lat'>·</span> 
     </span>
    </p>
   </div>
   <div class='ocr_carea' id='block_1_6' title="bbox 352 1523 919 1866">
    <p class='ocr_par' dir='ltr' id='par_1_8' title="bbox 355 1523 844 1604">
     <span class='ocr_line' id='line_1_14' title="bbox 355 1523 844 1604; baseline 0 -20"><span class='ocrx_word' id='word_1_58' title='bbox 355 1524 459 1585; x_wconf 81' lang='lat' dir='ltr'>Audiat</span> <span class='ocrx_word' id='word_1_59' title='bbox 467 1523 545 1600; x_wconf 73' lang='lat' dir='ltr'>Lyde</span> <span class='ocrx_word' id='word_1_60' title='bbox 558 1523 654 1583; x_wconf 86' lang='lat' dir='ltr'>seelus</span> <span class='ocrx_word' id='word_1_61' title='bbox 668 1533 753 1604; x_wconf 84' lang='lat' dir='ltr'>atque</span> <span class='ocrx_word' id='word_1_62' title='bbox 763 1534 844 1600; x_wconf 86' lang='lat' dir='ltr'>potas</span> 
     </span>
    </p>

    <p class='ocr_par' dir='ltr' id='par_1_9' title="bbox 352 1608 908 1687">
     <span class='ocr_line' id='line_1_15' title="bbox 352 1608 908 1687; baseline 0.004 -21"><span class='ocrx_word' id='word_1_63' title='bbox 352 1608 497 1687; x_wconf 81' lang='lat' dir='ltr'>Virginum</span> <span class='ocrx_word' id='word_1_64' title='bbox 510 1625 627 1686; x_wconf 84' lang='lat' dir='ltr'>poenas,</span> <span class='ocrx_word' id='word_1_65' title='bbox 644 1617 672 1666; x_wconf 93' lang='lat' dir='ltr'>et</span> <span class='ocrx_word' id='word_1_66' title='bbox 685 1610 768 1669; x_wconf 85' lang='lat' dir='ltr'>inane</span> <span class='ocrx_word' id='word_1_67' title='bbox 778 1608 908 1687; x_wconf 78' lang='lat' dir='ltr'>lymphae</span> 
     </span>
    </p>

    <p class='ocr_par' dir='ltr' id='par_1_10' title="bbox 352 1691 919 1866">
     <span class='ocr_line' id='line_1_16' title="bbox 352 1691 919 1770; baseline 0.002 -19"><span class='ocrx_word' id='word_1_68' title='bbox 352 1691 466 1752; x_wconf 88' lang='lat' dir='ltr'>Dolium</span> <span class='ocrx_word' id='word_1_69' title='bbox 479 1692 567 1753; x_wconf 84' lang='lat' dir='ltr'>fundo</span> <span class='ocrx_word' id='word_1_70' title='bbox 582 1694 727 1770; x_wconf 87' lang='lat' dir='ltr'>pereuntis</span> <span class='ocrx_word' id='word_1_71' title='bbox 739 1695 805 1769; x_wconf 83' lang='lat' dir='ltr'>imo,</span> <span class='ocrx_word' id='word_1_72' title='bbox 917 1721 919 1736; x_wconf 83' lang='lat'><em>=</em></span> 
     </span>
     <span class='ocr_line' id='line_1_17' title="bbox 405 1775 642 1866; baseline 0.008 -32"><span class='ocrx_word' id='word_1_73' title='bbox 405 1777 532 1866; x_wconf 77' lang='lat' dir='ltr'>Seraque</span> <span class='ocrx_word' id='word_1_74' title='bbox 546 1775 613 1852; x_wconf 84' lang='lat' dir='ltr'>iata,</span> <span class='ocrx_word' id='word_1_75' title='bbox 638 1789 642 1801; x_wconf 81' lang='lat'><em>&#39;</em></span> 
     </span>
    </p>
   </div>
   <div class='ocr_carea' id='block_1_7' title="bbox 352 1912 932 2234">
    <p class='ocr_par' dir='ltr' id='par_1_11' title="bbox 354 1912 932 1992">
     <span class='ocr_line' id='line_1_18' title="bbox 354 1912 932 1992; baseline 0 -20"><span class='ocrx_word' id='word_1_76' title='bbox 354 1913 434 1986; x_wconf 85' lang='lat' dir='ltr'>Quae</span> <span class='ocrx_word' id='word_1_77' title='bbox 450 1921 561 1992; x_wconf 74' lang='lat' dir='ltr'>manent</span> <span class='ocrx_word' id='word_1_78' title='bbox 573 1912 671 1991; x_wconf 89' lang='lat' dir='ltr'>eulpas</span> <span class='ocrx_word' id='word_1_79' title='bbox 687 1915 769 1972; x_wconf 89' lang='lat' dir='ltr'>etiam</span> <span class='ocrx_word' id='word_1_80' title='bbox 784 1913 836 1972; x_wconf 86' lang='lat' dir='ltr'>snb</span> <span class='ocrx_word' id='word_1_81' title='bbox 849 1913 932 1972; x_wconf 88' lang='lat' dir='ltr'>Oreo.</span> 
     </span>
    </p>

    <p class='ocr_par' dir='ltr' id='par_1_12' title="bbox 353 1994 924 2074">
     <span class='ocr_line' id='line_1_19' title="bbox 353 1994 924 2074; baseline -0.002 -19"><span class='ocrx_word' id='word_1_82' title='bbox 353 1994 469 2074; x_wconf 83' lang='lat' dir='ltr'>impiae,</span> <span class='ocrx_word' id='word_1_83' title='bbox 481 2030 493 2042; x_wconf 93' lang='lat'><strong>·</strong></span> <span class='ocrx_word' id='word_1_84' title='bbox 507 2013 570 2055; x_wconf 86' lang='lat' dir='ltr'>nam</span> <span class='ocrx_word' id='word_1_85' title='bbox 584 1995 652 2073; x_wconf 90' lang='lat' dir='ltr'>quid</span> <span class='ocrx_word' id='word_1_86' title='bbox 667 2004 784 2073; x_wconf 86' lang='lat' dir='ltr'>potuere</span> <span class='ocrx_word' id='word_1_87' title='bbox 795 1994 924 2055; x_wconf 85' lang='lat' dir='ltr'>maius?-</span> 
     </span>
    </p>

    <p class='ocr_par' dir='ltr' id='par_1_13' title="bbox 352 2077 805 2234">
     <span class='ocr_line' id='line_1_20' title="bbox 352 2077 805 2156; baseline -0.002 -18"><span class='ocrx_word' id='word_1_88' title='bbox 352 2079 459 2156; x_wconf 87' lang='lat' dir='ltr'>lmpiae</span> <span class='ocrx_word' id='word_1_89' title='bbox 468 2095 593 2156; x_wconf 87' lang='lat' dir='ltr'>sponsos</span> <span class='ocrx_word' id='word_1_90' title='bbox 606 2087 725 2156; x_wconf 87' lang='lat' dir='ltr'>potuere</span> <span class='ocrx_word' id='word_1_91' title='bbox 736 2077 805 2138; x_wconf 87' lang='lat' dir='ltr'>duro</span> 
     </span>
     <span class='ocr_line' id='line_1_21' title="bbox 402 2161 694 2234; baseline -0.003 -13"><span class='ocrx_word' id='word_1_92' title='bbox 402 2162 523 2222; x_wconf 86' lang='lat' dir='ltr'>Perdere</span> <span class='ocrx_word' id='word_1_93' title='bbox 533 2161 623 2221; x_wconf 87' lang='lat' dir='ltr'>ierrol</span> <span class='ocrx_word' id='word_1_94' title='bbox 692 2219 694 2234; x_wconf 79' lang='grc'>,</span> 
     </span>
    </p>
   </div>
   <div class='ocr_carea' id='block_1_8' title="bbox 350 2293 866 2455">
    <p class='ocr_par' dir='ltr' id='par_1_14' title="bbox 350 2293 866 2455">
     <span class='ocr_line' id='line_1_22' title="bbox 350 2293 776 2372; baseline -0.005 -17"><span class='ocrx_word' id='word_1_95' title='bbox 350 2294 411 2355; x_wconf 90' lang='lat' dir='ltr'>Una</span> <span class='ocrx_word' id='word_1_96' title='bbox 426 2294 461 2353; x_wconf 87' lang='lat' dir='ltr'>de</span> <span class='ocrx_word' id='word_1_97' title='bbox 473 2293 567 2354; x_wconf 72' lang='lat' dir='ltr'>miultis</span> <span class='ocrx_word' id='word_1_98' title='bbox 580 2294 646 2353; x_wconf 84' lang='lat' dir='ltr'>lace</span> <span class='ocrx_word' id='word_1_99' title='bbox 661 2293 776 2372; x_wconf 88' lang='lat' dir='ltr'>nuptiali</span> 
     </span>
     <span class='ocr_line' id='line_1_23' title="bbox 351 2371 866 2455; baseline 0 -19"><span class='ocrx_word' id='word_1_100' title='bbox 351 2375 443 2455; x_wconf 85' lang='lat' dir='ltr'>Digna</span> <span class='ocrx_word' id='word_1_101' title='bbox 453 2379 594 2454; x_wconf 92' lang='lat' dir='ltr'>periurum</span> <span class='ocrx_word' id='word_1_102' title='bbox 605 2377 658 2436; x_wconf 88' lang='lat' dir='ltr'>luit</span> <span class='ocrx_word' id='word_1_103' title='bbox 671 2381 699 2436; x_wconf 94' lang='lat' dir='ltr'>in</span> <span class='ocrx_word' id='word_1_104' title='bbox 711 2371 866 2455; x_wconf 88' lang='lat' dir='ltr'>parentem‘</span> 
     </span>
    </p>
   </div>
   <div class='ocr_carea' id='block_1_9' title="bbox 131 2449 906 2540">
    <p class='ocr_par' dir='ltr' id='par_1_15' title="bbox 131 2449 906 2540">
     <span class='ocr_line' id='line_1_24' title="bbox 131 2449 906 2540; baseline 0.005 -22"><span class='ocrx_word' id='word_1_105' title='bbox 131 2449 135 2462; x_wconf 79' lang='grc'><strong>“</strong></span> <span class='ocrx_word' id='word_1_106' title='bbox 249 2489 256 2506; x_wconf 66' lang='lat'><em>1</em></span> <span class='ocrx_word' id='word_1_107' title='bbox 353 2460 508 2538; x_wconf 89' lang='lat' dir='ltr'>Splendide</span> <span class='ocrx_word' id='word_1_108' title='bbox 520 2460 642 2531; x_wconf 78' lang='lat' dir='ltr'>mendax</span> <span class='ocrx_word' id='word_1_109' title='bbox 652 2463 815 2521; x_wconf 87' lang='lat' dir='ltr'>etioomne</span> <span class='ocrx_word' id='word_1_110' title='bbox 825 2463 906 2540; x_wconf 86' lang='lat' dir='ltr'>virgo</span> 
     </span>
    </p>
   </div>
   <div class='ocr_carea' id='block_1_10' title="bbox 399 2543 639 2637">
    <p class='ocr_par' dir='ltr' id='par_1_16' title="bbox 399 2543 639 2637">
     <span class='ocr_line' id='line_1_25' title="bbox 399 2543 639 2637; baseline -0.004 -33"><span class='ocrx_word' id='word_1_111' title='bbox 399 2543 510 2637; x_wconf 79' lang='lat' dir='ltr'>Nobilis</span> <span class='ocrx_word' id='word_1_112' title='bbox 528 2563 639 2622; x_wconf 83' lang='lat' dir='ltr'>aevum,</span> 
     </span>
    </p>
   </div>
   <div class='ocr_carea' id='block_1_11' title="bbox 349 2669 993 2995">
    <p class='ocr_par' dir='ltr' id='par_1_17' title="bbox 351 2669 909 2748">
     <span class='ocr_line' id='line_1_26' title="bbox 351 2669 909 2748; baseline 0.005 -21"><span class='ocrx_word' id='word_1_113' title='bbox 351 2669 504 2746; x_wconf 77' lang='lat' dir='ltr'>‚‚Surge,“</span> <span class='ocrx_word' id='word_1_114' title='bbox 519 2688 593 2748; x_wconf 85' lang='lat' dir='ltr'>quoe</span> <span class='ocrx_word' id='word_1_115' title='bbox 608 2669 677 2730; x_wconf 85' lang='lat' dir='ltr'>dixit</span> <span class='ocrx_word' id='word_1_116' title='bbox 690 2671 783 2728; x_wconf 88' lang='lat' dir='ltr'>iuveni</span> <span class='ocrx_word' id='word_1_117' title='bbox 799 2672 909 2746; x_wconf 87' lang='lat' dir='ltr'>marito,</span> 
     </span>
    </p>

    <p class='ocr_par' dir='ltr' id='par_1_18' title="bbox 350 2753 977 2831">
     <span class='ocr_line' id='line_1_27' title="bbox 350 2753 977 2831; baseline 0.003 -21"><span class='ocrx_word' id='word_1_118' title='bbox 350 2753 476 2830; x_wconf 60' lang='lat' dir='ltr'>„Surge</span> <span class='ocrx_word' id='word_1_119' title='bbox 489 2771 525 2812; x_wconf 86' lang='lat' dir='ltr'>ne</span> <span class='ocrx_word' id='word_1_120' title='bbox 535 2753 639 2831; x_wconf 80' lang='lat' dir='ltr'>longus</span> <span class='ocrx_word' id='word_1_121' title='bbox 650 2754 701 2813; x_wconf 87' lang='lat' dir='ltr'>tibi</span> <span class='ocrx_word' id='word_1_122' title='bbox 716 2769 842 2828; x_wconf 90' lang='lat' dir='ltr'>somnus,</span> <span class='ocrx_word' id='word_1_123' title='bbox 858 2754 931 2812; x_wconf 90' lang='lat' dir='ltr'>unde</span> <span class='ocrx_word' id='word_1_124' title='bbox 974 2825 977 2830; x_wconf 87' lang='lat'>.</span> 
     </span>
    </p>

    <p class='ocr_par' dir='ltr' id='par_1_19' title="bbox 349 2835 993 2995">
     <span class='ocr_line' id='line_1_28' title="bbox 349 2835 993 2912; baseline 0 -16"><span class='ocrx_word' id='word_1_125' title='bbox 349 2835 437 2912; x_wconf 86' lang='lat' dir='ltr'>„Non</span> <span class='ocrx_word' id='word_1_126' title='bbox 449 2838 542 2912; x_wconf 87' lang='lat' dir='ltr'>times,</span> <span class='ocrx_word' id='word_1_127' title='bbox 561 2835 656 2904; x_wconf 72' lang='lat' dir='ltr'>detur:</span> <span class='ocrx_word' id='word_1_128' title='bbox 671 2852 801 2897; x_wconf 81' lang='lat' dir='ltr'>socerum</span> <span class='ocrx_word' id='word_1_129' title='bbox 814 2845 842 2894; x_wconf 90' lang='lat' dir='ltr'>et</span> <span class='ocrx_word' id='word_1_130' title='bbox 856 2837 993 2896; x_wconf 83' lang='lat' dir='ltr'>scelestas</span> 
     </span>
     <span class='ocr_line' id='line_1_29' title="bbox 395 2918 635 2995; baseline -0.004 -18"><span class='ocrx_word' id='word_1_131' title='bbox 395 2918 497 2995; x_wconf 83' lang='lat' dir='ltr'>„Folle</span> <span class='ocrx_word' id='word_1_132' title='bbox 508 2935 635 2994; x_wconf 83' lang='lat' dir='ltr'>sorores,</span> 
     </span>
    </p>
   </div>
   <div class='ocr_carea' id='block_1_12' title="bbox 347 3049 920 3380">
    <p class='ocr_par' dir='ltr' id='par_1_20' title="bbox 347 3049 920 3130">
     <span class='ocr_line' id='line_1_30' title="bbox 347 3049 920 3130; baseline 0.003 -21"><span class='ocrx_word' id='word_1_133' title='bbox 347 3051 464 3128; x_wconf 59' lang='lat' dir='ltr'>„Quae</span> <span class='ocrx_word' id='word_1_134' title='bbox 476 3050 553 3110; x_wconf 85' lang='lat' dir='ltr'>velut</span> <span class='ocrx_word' id='word_1_135' title='bbox 566 3059 665 3110; x_wconf 82' lang='lat' dir='ltr'>metae</span> <span class='ocrx_word' id='word_1_136' title='bbox 679 3049 782 3110; x_wconf 87' lang='lat' dir='ltr'>vitulos</span> <span class='ocrx_word' id='word_1_137' title='bbox 793 3052 920 3130; x_wconf 85' lang='lat' dir='ltr'>leaenae,</span> 
     </span>
    </p>

    <p class='ocr_par' dir='ltr' id='par_1_21' title="bbox 348 3133 880 3212">
     <span class='ocr_line' id='line_1_31' title="bbox 348 3133 880 3212; baseline 0.002 -19"><span class='ocrx_word' id='word_1_138' title='bbox 348 3133 506 3212; x_wconf 80' lang='lat' dir='ltr'>„Singulos</span> <span class='ocrx_word' id='word_1_139' title='bbox 519 3134 593 3193; x_wconf 84' lang='lat' dir='ltr'>elren</span> <span class='ocrx_word' id='word_1_140' title='bbox 602 3133 741 3194; x_wconf 76' lang='lat' dir='ltr'>luserant:</span> <span class='ocrx_word' id='word_1_141' title='bbox 754 3152 809 3212; x_wconf 77' lang='lat' dir='ltr'>ego</span> <span class='ocrx_word' id='word_1_142' title='bbox 825 3135 880 3194; x_wconf 94' lang='lat' dir='ltr'>illis</span> 
     </span>
    </p>

    <p class='ocr_par' dir='ltr' id='par_1_22' title="bbox 347 3216 889 3380">
     <span class='ocr_line' id='line_1_32' title="bbox 347 3216 889 3298; baseline 0 -20"><span class='ocrx_word' id='word_1_143' title='bbox 347 3216 486 3296; x_wconf 85' lang='lat' dir='ltr'>„lllollior</span> <span class='ocrx_word' id='word_1_144' title='bbox 495 3235 550 3278; x_wconf 87' lang='lat' dir='ltr'>nee</span> <span class='ocrx_word' id='word_1_145' title='bbox 562 3226 592 3278; x_wconf 86' lang='lat' dir='ltr'>te</span> <span class='ocrx_word' id='word_1_146' title='bbox 603 3217 702 3278; x_wconf 87' lang='lat' dir='ltr'>leriam</span> <span class='ocrx_word' id='word_1_147' title='bbox 713 3237 806 3298; x_wconf 86' lang='lat' dir='ltr'>neque</span> <span class='ocrx_word' id='word_1_148' title='bbox 819 3221 889 3278; x_wconf 87' lang='lat' dir='ltr'>intra</span> 
     </span>
     <span class='ocr_line' id='line_1_33' title="bbox 397 3299 678 3380; baseline 0 -19"><span class='ocrx_word' id='word_1_149' title='bbox 397 3299 550 3380; x_wconf 80' lang='lat' dir='ltr'>„claustra</span> <span class='ocrx_word' id='word_1_150' title='bbox 562 3302 678 3361; x_wconf 84' lang='lat' dir='ltr'>tenebo.</span> 
     </span>
    </p>
   </div>
   <div class='ocr_carea' id='block_1_13' title="bbox 1033 227 1163 304">
    <p class='ocr_par' dir='ltr' id='par_1_23' title="bbox 1033 227 1163 304">
     <span class='ocr_line' id='line_1_34' title="bbox 1033 227 1163 304; baseline 0 -20"><span class='ocrx_word' id='word_1_151' title='bbox 1033 227 1098 304; x_wconf 80' lang='lat' dir='ltr'>[oa.</span> <span class='ocrx_word' id='word_1_152' title='bbox 1114 227 1163 303; x_wconf 82' lang='lat' dir='ltr'>m]</span> 
     </span>
    </p>
   </div>
   <div class='ocr_carea' id='block_1_14' title="bbox 0 0 1268 3942">
    <p class='ocr_par' dir='ltr' id='par_1_24' title="bbox 0 0 1268 3942">
     <span class='ocr_line' id='line_1_35' title="bbox 0 0 1268 3942; baseline 0 4"><span class='ocrx_word' id='word_1_153' title='bbox 0 0 1268 3942; x_wconf 95' lang='lat' dir='ltr'> </span> 
     </span>
    </p>
   </div>
  </div>
 </body>
</html>
