2525 3942
92 218 96 225 ·
171 184 240 251 184
552 188 771 254 SATIRARUM
1023 196 1093 263 [Set.
1105 196 1148 265 3.]

170 340 238 402 220
258 337 399 484 „ffipar
412 337 572 481 efllt‘mffl
584 337 630 399 lte
642 339 761 440 diseno
777 338 860 459 llrgo
868 340 916 401 ubi
926 357 1016 483 prava
1060 412 1063 417 ¹

257 469 318 586 :JEt
329 431 925 584 fffigs’ussgssffissffgffifflff
937 434 1042 503 emm,

256 590 362 668 „lluno
376 590 573 649 oiroumtonuit
584 588 712 666 gaudem
726 589 843 651 Bellona
854 591 989 650 eruentis.
1003 625 1041 635 -

256 672 362 750 „llnno
372 690 447 750 nge,
459 671 596 731 luxuriam
608 680 638 731 et
648 671 854 733 Nomentanum
863 674 960 751 arripe
973 692 1101 735 meeum:

255 756 381 898 ”uu
395 753 945 901 resonantiarum·-

236 928 240 937 '
255 854 751 1000 ζζΕᾱῗιείιιὶῃέιίιοιιοξιιιίῗιροιιιιιῑιιι,
764 938 883 1001 auceps,
908 857 935 916 a,

254 1004 487 1084 „Unguentarius
498 1021 533 1064 ae
548 1002 634 1064 Tuci
647 1004 726 1065 turbu
737 1007 822 1083 impia
833 1006 902 1082 viai,

183 1096 187 1103 '
254 1086 351 1167 „Cum
362 1088 467 1147 scurris
478 1087 575 1163 fartor,
588 1105 652 1147 eum
662 1086 786 1149 Velabro
799 1106 883 1149 omne
893 1088 1041 1151 macellum

168 1166 234 1229 230
254 1170 361 1250 „llane
376 1171 489 1230 domum
505 1173 627 1231 veniant.
660 1169 735 1244 Quid
745 1168 822 1231 turn?
836 1172 949 1233 Venere
960 1172 1134 1252 frequentas,

253 1254 372 1333 „Verba
386 1254 455 1313 lauit
466 1251 548 1313 leno:
571 1252 741 1333 „Quidquid
752 1255 834 1331 mihi,
848 1255 983 1333 quidquid
994 1263 1024 1315 et
1037 1256 1136 1319 honum
1227 1265 1230 1269 ’

253 1336 420 1416 ,morique
440 1334 516 1395 domi
528 1346 591 1414 est,
615 1336 646 1396 id
662 1336 749 1397 eredo
765 1346 860 1415 tuum,
883 1346 912 1397 et
922 1338 970 1399 vel
984 1356 1056 1399 nune
1069 1344 1135 1417 pete

676 1420 834 1481 voloraa.“

251 1504 404 1583 ‚,Aeoipe,
428 1504 496 1582 quid
508 1513 607 1565 eontra
616 1504 727 1565 iuvenis
739 1504 919 1583 responderit
932 1522 1050 1583 aequus.

250 1631 272 1666 „
281 1586 338 1665 „ln
351 1589 418 1648 nive
428 1585 540 1648 lucana
550 1586 657 1650 dormis
671 1595 813 1664 ooreatus,
828 1596 859 1649 ut
869 1605 968 1667 aprum

163 1665 229 1727 235
250 1669 432 1749 „„Goenem
453 1688 526 1748 ego:
544 1679 575 1731 tu
593 1671 690 1748 pisces
711 1670 829 1731 hiberno
852 1687 1025 1749 exaequare
1034 1668 1132 1729 vellis:

249 1755 409 1833 ‚‚„Segnis
427 1770 485 1831 ego
502 1752 651 1831 indignus,
668 1754 716 1831 qui
729 1761 835 1815 tantum
850 1753 1028 1831 possideam:
1038 1752 1132 1813 aufer!

249 1881 271 1914 ‚‚
280 1838 392 1915 „Sume
403 1836 454 1896 tibi
465 1835 579 1897 denies!
591 1835 654 1897 'libi
665 1836 849 1899 tantumdem!
860 1836 922 1897 Tibi
932 1836 1047 1915 triplex,

249 1963 271 1997 ‚,
282 1919 387 1996 „Unde
396 1937 470 1980 uxor
482 1919 576 1981 media
587 1921 673 1979 enrrit
684 1918 721 1979 (le
731 1928 818 1983 noete
831 1928 932 1980 vocata
941 1918 973 1979 !“

248 2002 363 2080 „Filius
372 2003 482 2082 Aesopi
494 2003 647 2064 detractam
659 2021 695 2063 ex
707 2020 775 2064 aure
785 2002 930 2079 Metellae,

164 2079 228 2144 240
247 2086 390 2163 „Seilioet
403 2086 540 2146 ntdeeies
555 2086 870 2167 solidumoxsorlseret,
884 2095 967 2147 aoeto

247 2169 360 2246 „uitur
370 2171 510 2246 insignem
520 2169 651 2229 bancam:
672 2170 720 2246 qui
734 2172 847 2245 sanior,
860 2186 894 2229 ao
906 2170 931 2227 si

120 2320 123 2327 ¹
246 2250 343 2329 „Illud
354 2252 429 2312 idern
444 2249 474 2310 in
483 2250 612 2328 rapidum
624 2249 728 2310 llumen
742 2252 886 2311 iaceretve
899 2248 1048 2311 oloaeaml

246 2334 367 2410 „Quinti
378 2335 533 2411 progenies
542 2331 619 2410 Arri,
637 2348 688 2411 par
699 2332 797 2393 nobile
810 2334 937 2411 fratrum,

245 2415 403 2494 „Nequitia
414 2424 444 2475 et
453 2419 537 2495 nugis
552 2433 703 2495 pravorum
718 2425 747 2476 et
756 2433 854 2477 aurore
864 2414 1028 2496 paruolum,

159 2492 223 2557 245
245 2498 414 2576 „luscinias
427 2499 504 2560 soliti
516 2502 648 2579 impenso
660 2498 800 2579 prandere
812 2508 951 2577 ouemtas,

245 2580 413 2659 „Quorsum
423 2581 546 2644 abeant?
571 2584 643 2646 Sani
652 2595 682 2649 ut
694 2595 782 2663 oreta,
799 2603 835 2645 an
855 2584 979 2645 earbone
994 2578 1132 2643 notandi?

243 2664 428 2742 „Aedilleare
443 2685 536 2744 eam,
554 2666 689 2747 plostello
705 2667 860 2747 adiungere
871 2684 977 2742 mures,

242 2748 379 2827 „Ludere
390 2766 441 2828 par
451 2751 557 2829 impar,
570 2754 698 2831 equitare
709 2752 738 2811 in
748 2751 883 2812 arundine
894 2748 980 2825 longa

242 2832 300 2909 „Si
311 2850 396 2911 ιῐιιοιιι
411 2832 536 2896 delectet
546 2834 707 2894 balatum:
724 2834 847 2893 amentia
860 2839 966 2890 versat.

157 2910 223 2973 250
242 2915 299 2993 „si
314 2915 451 2994 puerilius
463 2917 508 2976 his
518 2918 590 2977 ratio
600 2933 669 2975 esse
684 2914 796 2973 evincet
807 2930 913 2987 amare,
1006 2968 1008 2979 ,

241 2997 330 3075 „Nee
339 2998 491 3078 quidquam
500 2996 626 3071 (liliano,
635 3004 762 3055 utrumne
771 2995 800 3055 in
808 2994 939 3072 pulvere,
947 2993 1046 3053 trimus

241 3078 360 3159 „Quale
371 3082 461 3158 prius,
472 3078 553 3139 ludas
565 3094 650 3154 opus,
666 3093 702 3136 an
712 3079 871 3137 meretricis
881 3092 978 3139 aurore

240 3158 978 3322 ”itltitllittttitillitati⁰¹¹¹¹¹

240 3289 263 3322 tt
905 3288 914 3323 l
