2525 3942
216 186 278 249 224
562 181 824 245 srmnomnun
958 186 1058 264 [Epist.
1075 194 1116 247 ιι.
1132 197 1195 265 ιι,

301 335 370 413 liic,
386 335 433 395 ubi
444 334 586 411 nequitiae
599 334 754 394 fautoribus
770 342 798 393 et
808 332 911 393 timidis
923 335 962 394 nil

277 476 281 484 x
300 419 356 478 Aut
367 416 481 496 paulum
495 414 663 493 abstulerat,
682 419 790 494 patinas
805 416 943 477 coenabat
955 420 1042 480 omasi

237 504 279 567 35
301 501 373 561 Vilis
385 510 414 560 et
425 500 561 578 egulinae,
576 500 666 560 tribus
677 502 751 559 ursis
764 499 840 579 quod
851 502 919 560 satis
932 512 1020 579 esset,

302 584 418 644 Scilicet
429 585 460 641 ut
469 592 583 641 ventres
594 582 684 643 lanma
699 582 836 643 candente
847 592 981 659 nepotum

301 667 420 727 Diceret
429 664 551 727 urendos
563 673 709 725 correctus
718 664 841 725 Bestius
864 663 952 743 ldern,
1080 729 1084 735 ,

303 748 447 835 Quidquid
457 757 518 809 erat
528 758 625 809 nactus
637 748 761 848 praedae
774 748 903 824 maioris,
921 750 969 809 ubi
981 768 1063 811 omne

300 818 450 894 Verterat
442 851 470 892 ιιι
481 833 585 891 iumum
596 841 625 892 et
640 835 778 908 cinerem,
795 830 883 907 „Non
893 790 1009 893 hercule
1023 835 1119 915 miror,
1126 841 1147 875 “

239 916 282 981 40
302 916 405 977 Aiebat
415 917 464 991 „si
477 934 525 993 qur
516 914 786 990 '‚eomeduntbona
804 932 867 973 cum
878 915 915 974 sit
927 916 1017 977 obeso

302 998 374 1076 „llil
385 997 486 1060 melius
497 998 589 1074 turdo,
604 997 645 1058 nil
655 996 739 1057 uulua
749 997 893 1074 pulchrius
907 999 1073 1076 ampla.
1012 1002 1033 1036 “

302 1081 438 1142 Nimirum
449 1081 496 1140 iric
507 1098 564 1158 ego
576 1099 654 1139 sum:
669 1099 733 1140 narn
743 1089 800 1139 tuta
813 1089 842 1140 et
856 1081 972 1158 paruula
985 1082 1079 1160 laudo,

304 1163 375 1225 Cum
388 1182 435 1223 res
447 1162 595 1239 deliciunt,
611 1164 680 1224 satis
694 1165 767 1223 inter
778 1162 845 1223 vilia
856 1164 952 1239 iortis;

194 1318 208 1325 ⁶
303 1247 408 1306 Verum
418 1246 467 1306 ubr
479 1245 547 1325 quud
556 1246 658 1306 melrus
670 1237 806 1324 conhngrt
816 1255 845 1305 et
856 1249 981 1325 unctius
994 1248 1067 1308 idern
1120 1314 1122 1319 ,

241 1332 281 1395 45
302 1330 362 1389 Vos
374 1347 477 1407 sapere
489 1338 517 1389 et
527 1328 607 1389 solos
622 1332 668 1389 aio
682 1330 796 1389 bene
768 1347 866 1389 vivere
872 1348 1017 1407 ,quorum

305 1411 487 1490 Conspicitur
499 1412 594 1472 nitidis
605 1412 719 1473 lundata
730 1414 851 1491 pecunia
861 1412 946 1473 villis.

521 1787 885 1843 admemoriam.

395 1970 401 1981 x
480 1894 544 1947 AD
580 1891 936 1969 QUINC'I'IUM.

305 2015 349 2075 Ne
363 2014 556 2093 perconteris,
576 2013 784 2090 iundusmens,
801 2014 907 2091 optime
918 2012 1042 2091 Quincti,
1125 2013 1131 2034 ¹

305 2097 619 2175 Arropascatherum,
639 2114 674 2157 an
691 2100 772 2159 bacis
793 2095 939 2175 opulentet
950 2096 1052 2172 oliuae,

306 2179 455 2252 Pomisne,
472 2196 507 2236 an
521 2182 628 2257 pratis,
646 2198 681 2239 an
695 2183 798 2240 amiota
813 2182 920 2241 vitibus
931 2182 1023 2241 ulmo:
1061 2253 1063 2259 ¹

307 2262 453 2321 Scribetnr
461 2260 512 2319 tibi
524 2260 613 2319 iornm
623 2259 784 2337 loquaciter
795 2269 824 2320 et
836 2262 907 2321 situs
920 2266 991 2340 agri.

265 2347 284 2409 b
309 2342 440 2405 Continui
452 2350 579 2416 montes,
597 2360 626 2401 nr
618 2342 828 2405 dissocientur
840 2359 931 2422 opaea

305 2426 402 2502 Valle,
418 2425 471 2485 sed
481 2433 512 2484 nt
521 2426 639 2485 ueniens
654 2424 781 2486 dextrum
791 2426 865 2488 latus
877 2427 1016 2506 adspiciat
1027 2430 1089 2507 Sol,

306 2510 429 2571 Laevum
439 2506 589 2568 discedens
602 2526 685 2571 curru
696 2509 825 2587 fugiente
835 2520 964 2590 vaporet.

307 2592 486 2672 Temperiem
496 2590 606 2653 landes
630 2591 722 2669 Quid,
739 2612 763 2653 ιι
756 2594 928 2656 rubicunda
942 2595 1056 2673 benigni

308 2676 402 2739 Coma
411 2694 517 2754 vepres
528 2685 558 2737 et
570 2694 659 2755 pruna
671 2676 777 2753 ierant,
796 2679 821 2737 si
833 2695 954 2755 quercus
969 2688 998 2738 et
1008 2678 1066 2738 ilex

245 2764 286 2825 10
306 2761 394 2831 blulta
405 2760 487 2838 fruge
498 2778 605 2838 pecus,
621 2760 708 2821 multa
720 2759 880 2820 dominum
871 2769 947 2819 iuvet
958 2758 1077 2821 umbra?

306 2845 395 2905 Dicas
407 2841 557 2903 adductum
568 2845 686 2921 propius
697 2842 831 2902 frondere
842 2840 1000 2901 Tarentum.

210 2983 216 2994 ,
307 2927 385 2987 Fons
396 2927 481 2986 etiam
491 2928 552 2985 rivo
564 2925 633 2986 dare
643 2940 746 2985 nomen
761 2922 896 2998 idoneus,
917 2932 947 2982 ut
960 2941 1014 2983 nec

306 3007 450 3086 Frigidior
460 3008 595 3068 Thracam
606 3026 662 3068 nec
672 3007 769 3084 purior
781 3006 883 3065 ambiat
894 3004 1015 3084 Hebrus,

307 3089 420 3150 infirmo
436 3093 521 3168 capiti
533 3091 594 3150 duit
611 3088 707 3166 utilis,
736 3088 812 3149 utilis
823 3089 898 3150 aluo.

247 3177 285 3239 15
307 3174 368 3234 liae
379 3172 505 3233 latebrae
516 3172 632 3250 dulces,
649 3176 746 3250 etiarn,
764 3174 789 3233 ri
804 3172 914 3252 credis,
927 3190 1073 3251 amoenae,

309 3254 483 3317 incolumem
496 3257 546 3317 tibi
558 3276 603 3318 me
615 3265 758 3336 praestant
769 3256 985 3323 Septembribus
1000 3257 1088 3317 boris.
1185 3334 1194 3351 ·

1252 2316 1255 2465 l
