2525 3942
128 230 252 303 [aas]
482 195 485 199 ’
539 220 651 285 smne
664 220 687 282 ι.
966 194 969 200 '
1038 213 1100 279 151

211 375 333 438 Noctem
343 390 408 434 eom
418 374 539 435 lacibus.
562 377 582 443 ς
593 370 735 449 Numquid
745 369 919 449 Pomponius
930 370 992 429 istis
1077 364 1090 387 ⁴

46 496 49 506 ·
145 468 148 473 ’
206 459 330 521 Audinet
339 458 465 533 leviora,
478 464 560 534 pater
569 457 594 515 si
605 450 738 515 viveret?
752 452 845 531 lingo·

210 542 275 603 Non
286 544 355 602 satis
368 550 413 600 est
424 542 502 618 puris
512 556 627 599 versum
643 537 825 615 perscribere
835 536 943 611 verbis,

212 625 304 699 Quem
319 626 343 683 si
355 623 516 698 dissolvas,
532 623 624 701 quivis
637 620 829 681 stomachetur
840 618 942 678 eodem
1054 620 1095 683 55

212 707 277 781 Quo
289 715 458 786 personatus
470 715 555 784 paeto
566 714 657 783 pater.
680 701 749 779 llis,
766 695 822 781 ego
834 720 908 780 quiae
919 718 1003 778 nunc,

212 791 286 851 Olim
299 809 372 868 quae
383 792 499 868 scripsit
508 788 650 864 Lucilius,
664 788 769 864 eripias
783 789 806 847 si

167 883 176 894 ⁴
211 874 353 951 Tempora
374 882 451 933 certa
471 871 647 950 modosque,
673 880 702 930 et
723 870 800 948 quod
820 870 899 947 prius
911 866 1010 927 ordine

716 952 834 1012 verbum
849 960 893 1012 est

169 1077 173 1083 ,
209 1039 354 1099 Posterius
366 1039 472 1115 lacius,
485 1053 666 1117 praeponens
678 1037 773 1100 ultima
787 1038 899 1115 primis:
988 1102 995 1107 q

208 1122 288 1199 Non,
301 1132 332 1181 ut
344 1124 369 1181 si
381 1122 477 1182 solvas
490 1120 680 1200 „Postquam
686 1120 847 1183 dimon-‘oto
860 1126 941 1181 tetra
986 1180 989 1189 ,
1052 1121 1094 1181 60

208 1204 288 1266 Belli
296 1207 434 1283 serratos
441 1214 546 1284 postes
552 1214 722 1283 portetque
735 1202 899 1283 refreps't,“

207 1285 339 1348 Invenias
351 1290 435 1349 etiam
448 1290 558 1348 disiecti
569 1290 695 1347 membra
710 1294 824 1364 poetae.

206 1370 350 1430 Hactenus
361 1370 450 1448 haec:
463 1371 533 1430 elias
545 1374 648 1430 iustum
660 1373 696 1430 sit
707 1388 799 1431 necue
814 1376 929 1447 poema,
1057 1390 1065 1405 ⁰

206 1452 289 1513 Nunc
302 1452 371 1512 illud
380 1462 486 1517 tantum
497 1471 646 1529 quaeram,
662 1456 801 1512 meritone
811 1454 861 1511 tibi
874 1454 911 1511 sit

208 1536 379 1613 Suspectum
390 1554 482 1613 genus
493 1537 549 1595 hoc
562 1536 715 1595 scribendi.
725 1530 852 1594 ·Sulclua
863 1551 931 1593 acer
1012 1567 1017 1573 ·
1037 1536 1092 1598 =65

206 1618 338 1677 Ambulat
348 1626 377 1676 et
389 1618 526 1696 Caprius,
538 1620 617 1677 rauci
627 1617 720 1693 male,
737 1634 858 1694 cumque
868 1616 985 1694 libellis,

69 1758 75 1762 ,
206 1700 325 1779 Magnus
337 1710 458 1780 uterque
468 1704 553 1761 timor
562 1699 732 1769 latronibus;
746 1708 774 1760 at
785 1700 860 1759 bene
871 1702 895 1758 si
907 1702 972 1777 quis

205 1783 244 1843 lit
253 1786 330 1844 vivat
340 1787 418 1862 puris
429 1784 573 1860 manibus,
587 1792 748 1843 contemnat
759 1783 918 1861 utrumque.

150 1911 152 1916 ,
205 1867 244 1927 Ut
253 1870 335 1927 sistu
348 1868 447 1927 similis
459 1866 542 1927 Coeli
557 1867 716 1945 Byrrhique
727 1866 875 1943 latronum,

205 1949 271 2011 Non
284 1968 340 2028 ego
354 1954 407 2009 sim
419 1950 505 2028 Gapri
516 1960 612 2029 neque
623 1948 782 2011 Sulci:e'ur
792 1960 901 2010 metuas
913 1947 980 2009 mel
1038 1953 1092 2014 ·70
1212 1996 1215 2003 .

166 2069 168 2073 ,
205 2032 289 2093 Nulla
301 2035 418 2095 taberna
427 2051 508 2094 meos
523 2035 626 2094 habeat
637 2050 731 2113 neque
743 2032 799 2112 pila
811 2034 936 2110 libellos,

207 2115 278 2189 Quis
288 2134 387 2176 manus
399 2118 512 2178 insudet
522 2117 601 2195 vulgi
613 2118 860 2195 Hermogenisque
872 2116 991 2195 Tigelli3

204 2198 268 2259 Nec
278 2202 369 2259 recito
380 2203 512 2279 cuiquam
521 2203 576 2260 nisi
588 2203 704 2276 amicis,
717 2201 802 2278 idque
814 2210 943 2277 coaetus,
1050 2256 1054 2261 .

199 2282 269 2345 Non
278 2284 371 2343 ubivis
383 2300 517 2344 coramve
528 2285 711 2363 quibuslibet.
735 2289 756 2354 5
765 2282 797 2343 ln
808 2284 902 2344 medio
915 2286 963 2363 qni

204 2365 316 2443 Scripta
327 2366 392 2426 loro
403 2370 541 2443 recitent,
558 2377 622 2428 sunt
634 2367 728 2443 multi,
746 2369 853 2446 quique
864 2367 1007 2429 lavantes:
1049 2373 1090 2433 75

205 2448 297 2507 Suave
308 2448 594 2510 locosvociresouat
605 2451 768 2510 conclusus.
792 2450 925 2520 §Inanes

204 2529 371 2605 lloeiuvat,
384 2532 458 2589 haud
469 2531 539 2589 illud
550 2541 737 2607 quaerentes,
757 2551 823 2591 num
835 2535 896 2591 sine
908 2552 1011 2609 sensu,

205 2610 347 2687 Tempore
357 2630 423 2670 num
433 2611 538 2670 iaciant
547 2612 651 2672 alieno.
675 2619 695 2682 ς
705 2614 856 2689 „laedere
867 2616 1013 2691 ςιιιιᾶοε,ιι

204 2689 319 2770 inquis,
343 2701 403 2768 „et
423 2694 481 2753 boc
501 2693 595 2753 studio
618 2712 722 2773 pravus
743 2696 850 2756 lacis.“
889 2697 1007 2767 §Unde
1099 2765 1104 2779 Ι

770 2782 888 2855 petitum

22 2860 29 2871 ‘
204 2856 267 2917 lloc
278 2857 465 2918 inmeiaicis?
482 2858 646 2925 Estauctor
657 2862 720 2939 quis
732 2860 855 2939 denique
868 2880 976 2942 eorum,
1027 2860 1091 2930 '80

202 2939 267 2999 Vixi
280 2958 343 2999 cum
357 2939 481 3018 quibus?
494 2943 651 3003 Absentem
663 2944 711 3021 qui
722 2944 797 3003 rodit
806 2948 936 3024 amicum,

204 3021 259 3095 Qui
271 3037 326 3082 non
339 3023 466 3084 defendit
474 3025 532 3085 aiio
549 3025 699 3103 culpante,
713 3027 823 3087 solutos

204 3105 260 3179 Qui
272 3115 365 3183 captat
375 3109 450 3171 risos
460 3108 602 3169 hominum
613 3109 772 3189 famamque
784 3110 900 3190 dicacis,

202 3186 328 3265 Fingere
334 3183 388 3267 'qui
398 3206 455 3250 non
464 3194 526 3250 visa
539 3201 654 3269 potest,
669 3196 820 3253 commissa
831 3204 927 3256 tacere
944 3238 946 3247 J

204 3270 261 3344 Qui
271 3274 441 3350 nequitzlrie
452 3276 535 3352 niger
544 3283 598 3352 est,
611 3276 686 3335 irone
697 3284 737 3353 tu,
751 3277 887 3357 Romane,
901 3288 1012 3339 caveto.
1047 3282 1089 3342 85
