<?xml version="1.0" encoding="UTF-8"?>
<!DOCTYPE html PUBLIC "-//W3C//DTD XHTML 1.0 Transitional//EN"
    "http://www.w3.org/TR/xhtml1/DTD/xhtml1-transitional.dtd">
<html xmlns="http://www.w3.org/1999/xhtml" xml:lang="en" lang="en">
 <head>
  <title>
</title>
<meta http-equiv="Content-Type" content="text/html;charset=utf-8" />
  <meta name='ocr-system' content='tesseract 3.04.00' />
  <meta name='ocr-capabilities' content='ocr_page ocr_carea ocr_par ocr_line ocrx_word'/>
</head>
<body>
  <div class='ocr_page' id='page_1' title='image "./qhoratiiflaccio02schmgoog_0205.png"; bbox 0 0 2525 3942; ppageno 0'>
   <div class='ocr_carea' id='block_1_1' title="bbox 116 198 1238 317">
    <p class='ocr_par' dir='ltr' id='par_1_1' title="bbox 116 198 1238 317">
     <span class='ocr_line' id='line_1_1' title="bbox 116 198 1238 317; baseline 0.004 -22"><span class='ocrx_word' id='word_1_1' title='bbox 116 234 237 317; x_wconf 61' lang='lat' dir='ltr'><strong>[saun]</strong></span> <span class='ocrx_word' id='word_1_2' title='bbox 380 264 386 276; x_wconf 84' lang='lat'><em>-</em></span> <span class='ocrx_word' id='word_1_3' title='bbox 539 219 651 299; x_wconf 82' lang='lat' dir='ltr'><strong>urban</strong></span> <span class='ocrx_word' id='word_1_4' title='bbox 662 236 684 297; x_wconf 91' lang='lat'><strong>1.</strong></span> <span class='ocrx_word' id='word_1_5' title='bbox 945 268 948 275; x_wconf 92' lang='lat'><em>·</em></span> <span class='ocrx_word' id='word_1_6' title='bbox 1026 236 1132 301; x_wconf 83' lang='lat'><strong>143.</strong></span> <span class='ocrx_word' id='word_1_7' title='bbox 1236 198 1238 205; x_wconf 69' lang='grc'><strong>’</strong></span> 
     </span>
    </p>
   </div>
   <div class='ocr_carea' id='block_1_2' title="bbox 80 388 1141 2483">
    <p class='ocr_par' dir='ltr' id='par_1_2' title="bbox 80 388 1141 2483">
     <span class='ocr_line' id='line_1_2' title="bbox 200 388 967 469; baseline -0.001 -19"><span class='ocrx_word' id='word_1_8' title='bbox 200 388 411 469; x_wconf 82' lang='lat' dir='ltr'><strong>„Velatumque</strong></span> <span class='ocrx_word' id='word_1_9' title='bbox 424 390 514 467; x_wconf 72' lang='lat' dir='ltr'>stola,</span> <span class='ocrx_word' id='word_1_10' title='bbox 527 408 590 451; x_wconf 89' lang='lat' dir='ltr'><strong>mea</strong></span> <span class='ocrx_word' id='word_1_11' title='bbox 605 409 691 469; x_wconf 81' lang='lat' dir='ltr'><strong>qurum</strong></span> <span class='ocrx_word' id='word_1_12' title='bbox 707 390 867 451; x_wconf 72' lang='lat' dir='ltr'><strong>conferbuit</strong></span> <span class='ocrx_word' id='word_1_13' title='bbox 878 388 967 451; x_wconf 82' lang='lat' dir='ltr'><strong>iral“</strong></span> 
     </span>
     <span class='ocr_line' id='line_1_3' title="bbox 200 472 1001 553; baseline 0.001 -19"><span class='ocrx_word' id='word_1_14' title='bbox 200 474 275 548; x_wconf 79' lang='lat' dir='ltr'><strong>Quid</strong></span> <span class='ocrx_word' id='word_1_15' title='bbox 291 472 542 553; x_wconf 83' lang='lat' dir='ltr'><strong>responderell..</strong></span> <span class='ocrx_word' id='word_1_16' title='bbox 568 474 696 553; x_wconf 83' lang='lat' dir='ltr'><strong>„Magne</strong></span> <span class='ocrx_word' id='word_1_17' title='bbox 720 484 799 553; x_wconf 81' lang='lat' dir='ltr'><strong>palae</strong></span> <span class='ocrx_word' id='word_1_18' title='bbox 821 484 885 535; x_wconf 82' lang='lat' dir='ltr'><strong>nala</strong></span> <span class='ocrx_word' id='word_1_19' title='bbox 907 474 1001 553; x_wconf 85' lang='lat' dir='ltr'><strong>puella</strong></span> 
     </span>
     <span class='ocr_line' id='line_1_4' title="bbox 253 564 880 622; baseline -0.006 0"><span class='ocrx_word' id='word_1_20' title='bbox 253 617 256 622; x_wconf 79' lang='grc'><strong><em>,</em></strong></span> <span class='ocrx_word' id='word_1_21' title='bbox 801 564 880 621; x_wconf 80' lang='lat' dir='ltr'><strong>esl.“</strong></span> 
     </span>
     <span class='ocr_line' id='line_1_5' title="bbox 198 640 891 721; baseline 0.001 -19"><span class='ocrx_word' id='word_1_22' title='bbox 198 643 236 702; x_wconf 82' lang='lat' dir='ltr'><strong>lll</strong></span> <span class='ocrx_word' id='word_1_23' title='bbox 247 650 351 721; x_wconf 83' lang='lat' dir='ltr'><strong>quanto</strong></span> <span class='ocrx_word' id='word_1_24' title='bbox 367 643 485 702; x_wconf 78' lang='lat' dir='ltr'><strong>meliora</strong></span> <span class='ocrx_word' id='word_1_25' title='bbox 496 640 591 704; x_wconf 82' lang='lat' dir='ltr'><strong>munel</strong></span> <span class='ocrx_word' id='word_1_26' title='bbox 604 644 813 720; x_wconf 75' lang='lat' dir='ltr'><strong>pugnantiaque</strong></span> <span class='ocrx_word' id='word_1_27' title='bbox 829 644 891 703; x_wconf 78' lang='lat' dir='ltr'><strong>ielis</strong></span> 
     </span>
     <span class='ocr_line' id='line_1_6' title="bbox 198 726 834 804; baseline 0.002 -18"><span class='ocrx_word' id='word_1_28' title='bbox 198 727 289 787; x_wconf 82' lang='lat' dir='ltr'><strong>Dives</strong></span> <span class='ocrx_word' id='word_1_29' title='bbox 302 728 366 804; x_wconf 81' lang='lat' dir='ltr'><strong>opis</strong></span> <span class='ocrx_word' id='word_1_30' title='bbox 377 735 565 803; x_wconf 69' lang='lat' dir='ltr'><strong>naturarum,</strong></span> <span class='ocrx_word' id='word_1_31' title='bbox 577 735 608 786; x_wconf 85' lang='lat' dir='ltr'><strong>lu</strong></span> <span class='ocrx_word' id='word_1_32' title='bbox 619 728 644 786; x_wconf 82' lang='lat' dir='ltr'><strong>si</strong></span> <span class='ocrx_word' id='word_1_33' title='bbox 656 726 741 786; x_wconf 90' lang='lat' dir='ltr'><strong>modo</strong></span> <span class='ocrx_word' id='word_1_34' title='bbox 754 736 834 787; x_wconf 78' lang='lat' dir='ltr'><strong>reela</strong></span> 
     </span>
     <span class='ocr_line' id='line_1_7' title="bbox 198 809 1085 892; baseline 0.007 -23"><span class='ocrx_word' id='word_1_35' title='bbox 198 810 375 888; x_wconf 82' lang='lat' dir='ltr'><strong>Dispensare</strong></span> <span class='ocrx_word' id='word_1_36' title='bbox 390 810 509 871; x_wconf 80' lang='lat' dir='ltr'><strong>relisae</strong></span> <span class='ocrx_word' id='word_1_37' title='bbox 523 826 581 871; x_wconf 88' lang='lat' dir='ltr'><strong>nen</strong></span> <span class='ocrx_word' id='word_1_38' title='bbox 595 809 730 887; x_wconf 80' lang='lat' dir='ltr'><strong>fugienda</strong></span> <span class='ocrx_word' id='word_1_39' title='bbox 743 810 874 892; x_wconf 80' lang='lat' dir='ltr'><strong>petendis</strong></span> <span class='ocrx_word' id='word_1_40' title='bbox 1044 814 1085 875; x_wconf 83' lang='lat'><strong>75</strong></span> 
     </span>
     <span class='ocr_line' id='line_1_8' title="bbox 198 893 825 972; baseline 0 -19"><span class='ocrx_word' id='word_1_41' title='bbox 198 893 380 955; x_wconf 53' lang='lat' dir='ltr'><strong>immiscere</strong></span> <span class='ocrx_word' id='word_1_42' title='bbox 401 894 462 954; x_wconf 85' lang='lat' dir='ltr'><strong>&#39;luo</strong></span> <span class='ocrx_word' id='word_1_43' title='bbox 473 896 543 955; x_wconf 82' lang='lat' dir='ltr'><strong>vilio</strong></span> <span class='ocrx_word' id='word_1_44' title='bbox 554 912 685 955; x_wconf 79' lang='lat' dir='ltr'><strong>rerumne</strong></span> <span class='ocrx_word' id='word_1_45' title='bbox 700 894 825 972; x_wconf 78' lang='lat' dir='ltr'><strong>laberer,</strong></span> 
     </span>
     <span class='ocr_line' id='line_1_9' title="bbox 198 976 863 1061; baseline 0 -22"><span class='ocrx_word' id='word_1_46' title='bbox 198 978 246 1039; x_wconf 89' lang='lat' dir='ltr'><strong>Nil</strong></span> <span class='ocrx_word' id='word_1_47' title='bbox 255 980 364 1039; x_wconf 81' lang='lat' dir='ltr'><strong>referre</strong></span> <span class='ocrx_word' id='word_1_48' title='bbox 375 976 478 1057; x_wconf 73' lang='lat' dir='ltr'><strong>putas?</strong></span> <span class='ocrx_word' id='word_1_49' title='bbox 495 978 605 1056; x_wconf 83' lang='lat' dir='ltr'><strong>Quare,</strong></span> <span class='ocrx_word' id='word_1_50' title='bbox 618 996 656 1039; x_wconf 86' lang='lat' dir='ltr'><strong>ne</strong></span> <span class='ocrx_word' id='word_1_51' title='bbox 667 982 813 1055; x_wconf 73' lang='lat' dir='ltr'><strong>poeniteat</strong></span> <span class='ocrx_word' id='word_1_52' title='bbox 824 987 863 1061; x_wconf 81' lang='lat' dir='ltr'><strong>le,</strong></span> 
     </span>
     <span class='ocr_line' id='line_1_10' title="bbox 198 1059 830 1141; baseline 0 -18"><span class='ocrx_word' id='word_1_53' title='bbox 198 1062 304 1123; x_wconf 81' lang='lat' dir='ltr'>Desine</span> <span class='ocrx_word' id='word_1_54' title='bbox 315 1059 455 1123; x_wconf 70' lang='lat' dir='ltr'><strong>matronae</strong></span> <span class='ocrx_word' id='word_1_55' title='bbox 466 1066 617 1141; x_wconf 81' lang='lat' dir='ltr'><strong>sectarier,</strong></span> <span class='ocrx_word' id='word_1_56' title='bbox 631 1062 706 1123; x_wconf 83' lang='lat' dir='ltr'><strong>unde</strong></span> <span class='ocrx_word' id='word_1_57' title='bbox 717 1061 830 1123; x_wconf 81' lang='lat' dir='ltr'><strong>laberis&#39;</strong></span> 
     </span>
     <span class='ocr_line' id='line_1_11' title="bbox 197 1146 999 1227; baseline -0.002 -21"><span class='ocrx_word' id='word_1_58' title='bbox 197 1146 263 1206; x_wconf 88' lang='lat' dir='ltr'><strong>Plus</strong></span> <span class='ocrx_word' id='word_1_59' title='bbox 275 1148 387 1207; x_wconf 86' lang='lat' dir='ltr'><strong>haurire</strong></span> <span class='ocrx_word' id='word_1_60' title='bbox 398 1146 464 1207; x_wconf 93' lang='lat' dir='ltr'><strong>mali</strong></span> <span class='ocrx_word' id='word_1_61' title='bbox 475 1155 521 1207; x_wconf 83' lang='lat' dir='ltr'><strong>est</strong></span> <span class='ocrx_word' id='word_1_62' title='bbox 531 1166 615 1226; x_wconf 86' lang='lat' dir='ltr'><strong>quam</strong></span> <span class='ocrx_word' id='word_1_63' title='bbox 626 1164 663 1207; x_wconf 87' lang='lat' dir='ltr'><strong>ex</strong></span> <span class='ocrx_word' id='word_1_64' title='bbox 672 1164 705 1207; x_wconf 89' lang='lat' dir='ltr'><strong>re</strong></span> <span class='ocrx_word' id='word_1_65' title='bbox 712 1147 871 1227; x_wconf 84' lang='lat' dir='ltr'><strong>decerpere</strong></span> <span class='ocrx_word' id='word_1_66' title='bbox 880 1147 999 1206; x_wconf 79' lang='lat' dir='ltr'><strong>fruetus.</strong></span> 
     </span>
     <span class='ocr_line' id='line_1_12' title="bbox 198 1229 1085 1311; baseline 0.002 -21"><span class='ocrx_word' id='word_1_67' title='bbox 198 1229 261 1290; x_wconf 86' lang='lat' dir='ltr'><strong>Nee</strong></span> <span class='ocrx_word' id='word_1_68' title='bbox 275 1232 366 1309; x_wconf 82' lang='lat' dir='ltr'><strong>magis</strong></span> <span class='ocrx_word' id='word_1_69' title='bbox 379 1231 446 1290; x_wconf 90' lang='lat' dir='ltr'><strong>buie</strong></span> <span class='ocrx_word' id='word_1_70' title='bbox 458 1233 533 1292; x_wconf 76' lang='lat' dir='ltr'><strong>inter</strong></span> <span class='ocrx_word' id='word_1_71' title='bbox 541 1233 643 1291; x_wconf 77' lang='lat' dir='ltr'><strong>niveos</strong></span> <span class='ocrx_word' id='word_1_72' title='bbox 656 1230 821 1311; x_wconf 75' lang='lat' dir='ltr'><strong>viridesque</strong></span> <span class='ocrx_word' id='word_1_73' title='bbox 833 1229 946 1310; x_wconf 78' lang='lat' dir='ltr'>lapillos</span> <span class='ocrx_word' id='word_1_74' title='bbox 956 1262 969 1274; x_wconf 94' lang='lat'><strong>·</strong></span> <span class='ocrx_word' id='word_1_75' title='bbox 1043 1231 1085 1292; x_wconf 86' lang='grc'><strong>80</strong></span> 
     </span>
     <span class='ocr_line' id='line_1_13' title="bbox 200 1313 1069 1393; baseline -0.006 -18"><span class='ocrx_word' id='word_1_76' title='bbox 200 1315 321 1390; x_wconf 74' lang='grc' dir='ltr'><strong>Εἰῌίιοι</strong></span> <span class='ocrx_word' id='word_1_77' title='bbox 337 1315 409 1391; x_wconf 83' lang='lat' dir='ltr'><strong>boe,</strong></span> <span class='ocrx_word' id='word_1_78' title='bbox 427 1313 577 1393; x_wconf 85' lang='lat' dir='ltr'><strong>Cerinlbe,</strong></span> <span class='ocrx_word' id='word_1_79' title='bbox 598 1324 676 1376; x_wconf 83' lang='lat' dir='ltr'><strong>tuum</strong></span> <span class='ocrx_word' id='word_1_80' title='bbox 689 1347 700 1359; x_wconf 95' lang='lat'><strong>·</strong></span> <span class='ocrx_word' id='word_1_81' title='bbox 713 1324 840 1376; x_wconf 77' lang='lat' dir='ltr'><strong>tenerum</strong></span> <span class='ocrx_word' id='word_1_82' title='bbox 854 1313 1001 1375; x_wconf 80' lang='lat' dir='ltr'><strong>eellemur</strong></span> <span class='ocrx_word' id='word_1_83' title='bbox 1065 1366 1069 1370; x_wconf 86' lang='lat'>.</span> 
     </span>
     <span class='ocr_line' id='line_1_14' title="bbox 756 1408 880 1459; baseline -0.016 0"><span class='ocrx_word' id='word_1_84' title='bbox 756 1408 880 1459; x_wconf 81' lang='lat' dir='ltr'><strong>anterus</strong></span> 
     </span>
     <span class='ocr_line' id='line_1_15' title="bbox 199 1480 1000 1559; baseline 0 -19"><span class='ocrx_word' id='word_1_85' title='bbox 199 1480 336 1555; x_wconf 78' lang='lat' dir='ltr'>Rectius,</span> <span class='ocrx_word' id='word_1_86' title='bbox 348 1487 434 1557; x_wconf 79' lang='lat' dir='ltr'><strong>alque</strong></span> <span class='ocrx_word' id='word_1_87' title='bbox 450 1482 534 1539; x_wconf 83' lang='lat' dir='ltr'><strong>eliam</strong></span> <span class='ocrx_word' id='word_1_88' title='bbox 544 1480 647 1540; x_wconf 86' lang='lat' dir='ltr'><strong>melius</strong></span> <span class='ocrx_word' id='word_1_89' title='bbox 663 1498 804 1559; x_wconf 75' lang='lat' dir='ltr'><strong>persaepe</strong></span> <span class='ocrx_word' id='word_1_90' title='bbox 819 1490 933 1559; x_wconf 78' lang='lat' dir='ltr'><strong>togatae</strong></span> <span class='ocrx_word' id='word_1_91' title='bbox 946 1488 1000 1540; x_wconf 81' lang='lat' dir='ltr'><strong>eei.</strong></span> 
     </span>
     <span class='ocr_line' id='line_1_16' title="bbox 199 1562 969 1641; baseline 0 -18"><span class='ocrx_word' id='word_1_92' title='bbox 199 1562 281 1623; x_wconf 83' lang='lat' dir='ltr'><strong>Adde</strong></span> <span class='ocrx_word' id='word_1_93' title='bbox 291 1564 348 1621; x_wconf 91' lang='lat' dir='ltr'><strong>bue</strong></span> <span class='ocrx_word' id='word_1_94' title='bbox 359 1562 437 1641; x_wconf 87' lang='lat' dir='ltr'><strong>quod</strong></span> <span class='ocrx_word' id='word_1_95' title='bbox 448 1579 572 1623; x_wconf 82' lang='lat' dir='ltr'><strong>mercem</strong></span> <span class='ocrx_word' id='word_1_96' title='bbox 583 1567 645 1623; x_wconf 83' lang='lat' dir='ltr'><strong>eine</strong></span> <span class='ocrx_word' id='word_1_97' title='bbox 656 1564 730 1623; x_wconf 84' lang='lat' dir='ltr'><strong>lueis</strong></span> <span class='ocrx_word' id='word_1_98' title='bbox 742 1572 851 1641; x_wconf 73' lang='lat' dir='ltr'><strong>gestat,</strong></span> <span class='ocrx_word' id='word_1_99' title='bbox 870 1571 969 1641; x_wconf 78' lang='lat' dir='ltr'><strong>aperie</strong></span> 
     </span>
     <span class='ocr_line' id='line_1_17' title="bbox 201 1645 1141 1724; baseline 0.004 -18"><span class='ocrx_word' id='word_1_100' title='bbox 201 1645 286 1721; x_wconf 81' lang='lat' dir='ltr'><strong>Quod</strong></span> <span class='ocrx_word' id='word_1_101' title='bbox 296 1645 397 1706; x_wconf 86' lang='lat' dir='ltr'><strong>venale</strong></span> <span class='ocrx_word' id='word_1_102' title='bbox 409 1646 494 1706; x_wconf 79' lang='lat' dir='ltr'><strong>babel</strong></span> <span class='ocrx_word' id='word_1_103' title='bbox 506 1646 647 1723; x_wconf 80' lang='lat' dir='ltr'><strong>ostendii,</strong></span> <span class='ocrx_word' id='word_1_104' title='bbox 668 1663 737 1724; x_wconf 83' lang='lat' dir='ltr'><strong>nee,</strong></span> <span class='ocrx_word' id='word_1_105' title='bbox 761 1649 784 1705; x_wconf 86' lang='lat' dir='ltr'><strong>si</strong></span> <span class='ocrx_word' id='word_1_106' title='bbox 808 1645 875 1724; x_wconf 87' lang='lat' dir='ltr'><strong>quid</strong></span> <span class='ocrx_word' id='word_1_107' title='bbox 889 1646 1027 1709; x_wconf 80' lang='lat' dir='ltr'><strong>bonesti</strong></span> <span class='ocrx_word' id='word_1_108' title='bbox 1135 1660 1141 1667; x_wconf 85' lang='grc'><strong>’</strong></span> 
     </span>
     <span class='ocr_line' id='line_1_18' title="bbox 824 1737 879 1806; baseline 0.018 -19"><span class='ocrx_word' id='word_1_109' title='bbox 824 1737 879 1806; x_wconf 80' lang='lat' dir='ltr'><strong>esi,</strong></span> 
     </span>
     <span class='ocr_line' id='line_1_19' title="bbox 199 1811 1085 1894; baseline 0.001 -21"><span class='ocrx_word' id='word_1_110' title='bbox 199 1812 287 1889; x_wconf 75' lang='lat' dir='ltr'><strong>laetat</strong></span> <span class='ocrx_word' id='word_1_111' title='bbox 298 1813 441 1893; x_wconf 73' lang='lat' dir='ltr'><strong>habetque</strong></span> <span class='ocrx_word' id='word_1_112' title='bbox 454 1813 560 1893; x_wconf 85' lang='lat' dir='ltr'><strong>palam,</strong></span> <span class='ocrx_word' id='word_1_113' title='bbox 577 1814 757 1891; x_wconf 84' lang='lat' dir='ltr'><strong>quaeritque</strong></span> <span class='ocrx_word' id='word_1_114' title='bbox 769 1814 859 1890; x_wconf 83' lang='lat' dir='ltr'><strong>lurpia</strong></span> <span class='ocrx_word' id='word_1_115' title='bbox 872 1811 956 1873; x_wconf 79' lang='lat' dir='ltr'><strong>celet.</strong></span> <span class='ocrx_word' id='word_1_116' title='bbox 1043 1813 1085 1894; x_wconf 79' lang='grc'><strong>85</strong></span> 
     </span>
     <span class='ocr_line' id='line_1_20' title="bbox 197 1896 1002 1977; baseline -0.002 -20"><span class='ocrx_word' id='word_1_117' title='bbox 197 1897 327 1977; x_wconf 76' lang='lat' dir='ltr'><strong>Regibus</strong></span> <span class='ocrx_word' id='word_1_118' title='bbox 338 1898 384 1958; x_wconf 88' lang='lat' dir='ltr'><strong>bie</strong></span> <span class='ocrx_word' id='word_1_119' title='bbox 392 1915 455 1959; x_wconf 78' lang='lat' dir='ltr'><strong>mos</strong></span> <span class='ocrx_word' id='word_1_120' title='bbox 467 1905 527 1959; x_wconf 74' lang='lat' dir='ltr'><strong>eelz</strong></span> <span class='ocrx_word' id='word_1_121' title='bbox 536 1896 586 1958; x_wconf 92' lang='lat' dir='ltr'><strong>ubi</strong></span> <span class='ocrx_word' id='word_1_122' title='bbox 597 1914 690 1976; x_wconf 80' lang='lat' dir='ltr'><strong>equos</strong></span> <span class='ocrx_word' id='word_1_123' title='bbox 701 1904 870 1973; x_wconf 76' lang='lat' dir='ltr'><strong>mereantur,</strong></span> <span class='ocrx_word' id='word_1_124' title='bbox 883 1904 1002 1975; x_wconf 80' lang='lat' dir='ltr'><strong>opertos</strong></span> 
     </span>
     <span class='ocr_line' id='line_1_21' title="bbox 197 1980 891 2061; baseline -0.004 -19"><span class='ocrx_word' id='word_1_125' title='bbox 197 1980 371 2060; x_wconf 74' lang='lat' dir='ltr'><strong>inspiciunt,</strong></span> <span class='ocrx_word' id='word_1_126' title='bbox 387 2000 442 2061; x_wconf 84' lang='lat' dir='ltr'><strong>ne,</strong></span> <span class='ocrx_word' id='word_1_127' title='bbox 457 1982 602 2059; x_wconf 73' lang='lat' dir='ltr'><strong>eliacim,</strong></span> <span class='ocrx_word' id='word_1_128' title='bbox 618 1990 650 2041; x_wconf 81' lang='lat' dir='ltr'><strong>ul</strong></span> <span class='ocrx_word' id='word_1_129' title='bbox 663 1998 768 2059; x_wconf 77' lang='lat' dir='ltr'><strong>saepe,</strong></span> <span class='ocrx_word' id='word_1_130' title='bbox 786 1980 891 2040; x_wconf 90' lang='lat' dir='ltr'><strong>deeora</strong></span> 
     </span>
     <span class='ocr_line' id='line_1_22' title="bbox 197 2064 946 2144; baseline -0.004 -18"><span class='ocrx_word' id='word_1_131' title='bbox 197 2064 277 2126; x_wconf 86' lang='lat' dir='ltr'><strong>blelli</strong></span> <span class='ocrx_word' id='word_1_132' title='bbox 290 2066 359 2125; x_wconf 84' lang='lat' dir='ltr'><strong>lulla</strong></span> <span class='ocrx_word' id='word_1_133' title='bbox 373 2066 448 2144; x_wconf 86' lang='lat' dir='ltr'><strong>pede</strong></span> <span class='ocrx_word' id='word_1_134' title='bbox 464 2076 524 2142; x_wconf 78' lang='lat' dir='ltr'><strong>esi,</strong></span> <span class='ocrx_word' id='word_1_135' title='bbox 540 2073 678 2126; x_wconf 78' lang='lat' dir='ltr'><strong>emtorem</strong></span> <span class='ocrx_word' id='word_1_136' title='bbox 690 2064 803 2125; x_wconf 78' lang='lat' dir='ltr'><strong>inducat</strong></span> <span class='ocrx_word' id='word_1_137' title='bbox 813 2065 946 2142; x_wconf 77' lang='lat' dir='ltr'><strong>hiantem,</strong></span> 
     </span>
     <span class='ocr_line' id='line_1_23' title="bbox 199 2146 1000 2229; baseline -0.001 -19"><span class='ocrx_word' id='word_1_138' title='bbox 199 2148 283 2222; x_wconf 82' lang='lat' dir='ltr'><strong>Quod</strong></span> <span class='ocrx_word' id='word_1_139' title='bbox 295 2149 431 2227; x_wconf 89' lang='lat' dir='ltr'><strong>pulebrae</strong></span> <span class='ocrx_word' id='word_1_140' title='bbox 448 2150 565 2227; x_wconf 79' lang='lat' dir='ltr'><strong>clunes,</strong></span> <span class='ocrx_word' id='word_1_141' title='bbox 586 2149 677 2210; x_wconf 83' lang='lat' dir='ltr'><strong>breve</strong></span> <span class='ocrx_word' id='word_1_142' title='bbox 693 2149 771 2229; x_wconf 84' lang='lat' dir='ltr'><strong>quod</strong></span> <span class='ocrx_word' id='word_1_143' title='bbox 790 2155 891 2227; x_wconf 78' lang='lat' dir='ltr'><strong>eaput,</strong></span> <span class='ocrx_word' id='word_1_144' title='bbox 914 2146 1000 2209; x_wconf 86' lang='lat' dir='ltr'><strong>ardua</strong></span> 
     </span>
     <span class='ocr_line' id='line_1_24' title="bbox 772 2232 880 2294; baseline -0.019 0"><span class='ocrx_word' id='word_1_145' title='bbox 772 2232 880 2294; x_wconf 86' lang='lat' dir='ltr'><strong>eervix.</strong></span> 
     </span>
     <span class='ocr_line' id='line_1_25' title="bbox 122 2316 1086 2397; baseline 0.002 -19"><span class='ocrx_word' id='word_1_146' title='bbox 122 2338 135 2363; x_wconf 88' lang='lat'><strong>·</strong></span> <span class='ocrx_word' id='word_1_147' title='bbox 195 2316 259 2378; x_wconf 88' lang='lat' dir='ltr'><strong>llee</strong></span> <span class='ocrx_word' id='word_1_148' title='bbox 269 2317 311 2377; x_wconf 91' lang='lat' dir='ltr'><strong>illi</strong></span> <span class='ocrx_word' id='word_1_149' title='bbox 322 2327 417 2387; x_wconf 83' lang='lat' dir='ltr'><strong>reele;</strong></span> <span class='ocrx_word' id='word_1_150' title='bbox 432 2337 469 2380; x_wconf 89' lang='lat' dir='ltr'><strong>ne</strong></span> <span class='ocrx_word' id='word_1_151' title='bbox 481 2319 613 2396; x_wconf 76' lang='lat' dir='ltr'><strong>eorporis</strong></span> <span class='ocrx_word' id='word_1_152' title='bbox 625 2318 732 2397; x_wconf 79' lang='lat' dir='ltr'><strong>aprina</strong></span> <span class='ocrx_word' id='word_1_153' title='bbox 742 2316 849 2394; x_wconf 68' lang='lat' dir='ltr'><strong>Lyncei</strong></span> <span class='ocrx_word' id='word_1_154' title='bbox 1043 2319 1086 2380; x_wconf 86' lang='lat'><strong>90</strong></span> 
     </span>
     <span class='ocr_line' id='line_1_26' title="bbox 80 2399 936 2483; baseline -0.002 -22"><span class='ocrx_word' id='word_1_155' title='bbox 80 2408 83 2430; x_wconf 77' lang='lat'>¹</span> <span class='ocrx_word' id='word_1_156' title='bbox 197 2399 399 2480; x_wconf 75' lang='lat' dir='ltr'><strong>Contemplere</strong></span> <span class='ocrx_word' id='word_1_157' title='bbox 414 2402 523 2480; x_wconf 80' lang='lat' dir='ltr'><strong>oeulis,</strong></span> <span class='ocrx_word' id='word_1_158' title='bbox 542 2402 676 2483; x_wconf 74' lang='lat' dir='ltr'><strong>Hypsaea</strong></span> <span class='ocrx_word' id='word_1_159' title='bbox 695 2405 810 2464; x_wconf 88' lang='lat' dir='ltr'><strong>eaeeior</strong></span> <span class='ocrx_word' id='word_1_160' title='bbox 820 2399 879 2475; x_wconf 87' lang='lat' dir='ltr'><strong>illa,</strong></span> <span class='ocrx_word' id='word_1_161' title='bbox 930 2410 936 2420; x_wconf 84' lang='lat'>·</span> 
     </span>
    </p>
   </div>
   <div class='ocr_carea' id='block_1_3' title="bbox 197 2483 998 2625">
    <p class='ocr_par' dir='ltr' id='par_1_3' title="bbox 197 2483 998 2625">
     <span class='ocr_line' id='line_1_27' title="bbox 197 2483 998 2624; baseline -0.025 -78"><span class='ocrx_word' id='word_1_162' title='bbox 197 2483 279 2558; x_wconf 83' lang='lat' dir='ltr'><strong>Quae</strong></span> <span class='ocrx_word' id='word_1_163' title='bbox 290 2484 453 2563; x_wconf 75' lang='lat' dir='ltr'><strong>malesani,</strong></span> <span class='ocrx_word' id='word_1_164' title='bbox 465 2494 594 2563; x_wconf 78' lang='lat' dir='ltr'><strong>spartes.</strong></span> <span class='ocrx_word' id='word_1_165' title='bbox 610 2484 661 2562; x_wconf 88' lang='lat'><strong>„0</strong></span> <span class='ocrx_word' id='word_1_166' title='bbox 674 2503 739 2546; x_wconf 85' lang='lat' dir='ltr'><strong>erus</strong></span> <span class='ocrx_word' id='word_1_167' title='bbox 751 2486 757 2545; x_wconf 88' lang='lat' dir='ltr'>l</span> <span class='ocrx_word' id='word_1_168' title='bbox 768 2483 951 2624; x_wconf 67' lang='lat' dir='ltr'><strong>ovbraebial‘l</strong></span> <span class='ocrx_word' id='word_1_169' title='bbox 960 2514 998 2527; x_wconf 91' lang='grc'><strong>..</strong></span> 
     </span>
     <span class='ocr_line' id='line_1_28' title="bbox 803 2583 881 2625; baseline -0.038 0"><span class='ocrx_word' id='word_1_170' title='bbox 803 2583 881 2625; x_wconf 87' lang='lat' dir='ltr'><strong>erum</strong></span> 
     </span>
    </p>
   </div>
   <div class='ocr_carea' id='block_1_4' title="bbox 149 2648 1084 3397">
    <p class='ocr_par' dir='ltr' id='par_1_4' title="bbox 195 2648 1084 3059">
     <span class='ocr_line' id='line_1_29' title="bbox 195 2648 969 2727; baseline -0.005 -18"><span class='ocrx_word' id='word_1_171' title='bbox 195 2649 344 2727; x_wconf 57' lang='lat' dir='ltr'><strong>Deum,</strong></span> <span class='ocrx_word' id='word_1_172' title='bbox 356 2658 471 2726; x_wconf 78' lang='lat' dir='ltr'><strong>nasuta,</strong></span> <span class='ocrx_word' id='word_1_173' title='bbox 484 2651 566 2709; x_wconf 84' lang='lat' dir='ltr'><strong>brevi</strong></span> <span class='ocrx_word' id='word_1_174' title='bbox 580 2650 670 2709; x_wconf 87' lang='lat' dir='ltr'><strong>lalere</strong></span> <span class='ocrx_word' id='word_1_175' title='bbox 680 2666 715 2710; x_wconf 86' lang='lat' dir='ltr'><strong>ae</strong></span> <span class='ocrx_word' id='word_1_176' title='bbox 724 2648 800 2727; x_wconf 82' lang='lat' dir='ltr'><strong>pede</strong></span> <span class='ocrx_word' id='word_1_177' title='bbox 811 2648 899 2724; x_wconf 78' lang='lat' dir='ltr'>longo</span> <span class='ocrx_word' id='word_1_178' title='bbox 915 2656 969 2706; x_wconf 80' lang='lat' dir='ltr'><strong>est.</strong></span> 
     </span>
     <span class='ocr_line' id='line_1_30' title="bbox 196 2730 888 2811; baseline -0.007 -19"><span class='ocrx_word' id='word_1_179' title='bbox 196 2730 344 2792; x_wconf 83' lang='lat' dir='ltr'><strong>blatronae</strong></span> <span class='ocrx_word' id='word_1_180' title='bbox 355 2740 469 2811; x_wconf 78' lang='lat' dir='ltr'><strong>praeter</strong></span> <span class='ocrx_word' id='word_1_181' title='bbox 479 2733 583 2793; x_wconf 87' lang='lat' dir='ltr'><strong>faeiem</strong></span> <span class='ocrx_word' id='word_1_182' title='bbox 596 2732 634 2791; x_wconf 95' lang='lat' dir='ltr'><strong>nil</strong></span> <span class='ocrx_word' id='word_1_183' title='bbox 647 2748 766 2791; x_wconf 88' lang='lat' dir='ltr'><strong>eernere</strong></span> <span class='ocrx_word' id='word_1_184' title='bbox 781 2731 888 2810; x_wconf 84' lang='lat' dir='ltr'><strong>possis,</strong></span> 
     </span>
     <span class='ocr_line' id='line_1_31' title="bbox 197 2813 1084 2893; baseline 0.002 -18"><span class='ocrx_word' id='word_1_185' title='bbox 197 2813 318 2892; x_wconf 74' lang='lat' dir='ltr'><strong>(lebera,</strong></span> <span class='ocrx_word' id='word_1_186' title='bbox 330 2818 359 2875; x_wconf 94' lang='lat' dir='ltr'><strong>ni</strong></span> <span class='ocrx_word' id='word_1_187' title='bbox 374 2815 453 2877; x_wconf 81' lang='lat' dir='ltr'><strong>Galia</strong></span> <span class='ocrx_word' id='word_1_188' title='bbox 465 2826 527 2893; x_wconf 83' lang='lat' dir='ltr'><strong>est,</strong></span> <span class='ocrx_word' id='word_1_189' title='bbox 546 2815 670 2876; x_wconf 84' lang='lat' dir='ltr'><strong>demissa</strong></span> <span class='ocrx_word' id='word_1_190' title='bbox 685 2823 767 2875; x_wconf 77' lang='lat' dir='ltr'><strong>vesle</strong></span> <span class='ocrx_word' id='word_1_191' title='bbox 779 2815 913 2891; x_wconf 77' lang='lat' dir='ltr'><strong>legentis.</strong></span> <span class='ocrx_word' id='word_1_192' title='bbox 1043 2818 1084 2877; x_wconf 79' lang='lat'><strong>95</strong></span> 
     </span>
     <span class='ocr_line' id='line_1_32' title="bbox 197 2897 916 2978; baseline -0.004 -19"><span class='ocrx_word' id='word_1_193' title='bbox 197 2900 228 2959; x_wconf 89' lang='lat' dir='ltr'><strong>Si</strong></span> <span class='ocrx_word' id='word_1_194' title='bbox 239 2898 389 2961; x_wconf 73' lang='lat' dir='ltr'><strong>interdieta</strong></span> <span class='ocrx_word' id='word_1_195' title='bbox 402 2908 500 2978; x_wconf 76' lang='lat' dir='ltr'><strong>pelea,</strong></span> <span class='ocrx_word' id='word_1_196' title='bbox 515 2899 592 2960; x_wconf 86' lang='lat' dir='ltr'><strong>valle</strong></span> <span class='ocrx_word' id='word_1_197' title='bbox 604 2897 777 2959; x_wconf 77' lang='lat' dir='ltr'><strong>circumdala</strong></span> <span class='ocrx_word' id='word_1_198' title='bbox 789 2931 799 2943; x_wconf 94' lang='lat'>-</span> <span class='ocrx_word' id='word_1_199' title='bbox 811 2914 874 2958; x_wconf 91' lang='lat' dir='ltr'><strong>nam</strong></span> <span class='ocrx_word' id='word_1_200' title='bbox 888 2907 916 2956; x_wconf 83' lang='lat' dir='ltr'><strong>te</strong></span> 
     </span>
     <span class='ocr_line' id='line_1_33' title="bbox 196 2981 985 3059; baseline -0.005 -15"><span class='ocrx_word' id='word_1_201' title='bbox 196 2982 260 3044; x_wconf 85' lang='lat' dir='ltr'><strong>lloe</strong></span> <span class='ocrx_word' id='word_1_202' title='bbox 274 2982 343 3044; x_wconf 81' lang='lat' dir='ltr'><strong>laen</strong></span> <span class='ocrx_word' id='word_1_203' title='bbox 356 2985 485 3045; x_wconf 81' lang='lat' dir='ltr'><strong>insanum</strong></span> <span class='ocrx_word' id='word_1_204' title='bbox 496 3016 507 3030; x_wconf 93' lang='lat'><em>-</em></span> <span class='ocrx_word' id='word_1_205' title='bbox 519 3006 527 3053; x_wconf 76' lang='lat'><em>3</em></span> <span class='ocrx_word' id='word_1_206' title='bbox 538 2983 643 3044; x_wconf 83' lang='lat' dir='ltr'><strong>mullae</strong></span> <span class='ocrx_word' id='word_1_207' title='bbox 658 2983 708 3043; x_wconf 84' lang='lat' dir='ltr'><strong>tibi</strong></span> <span class='ocrx_word' id='word_1_208' title='bbox 719 2991 777 3042; x_wconf 87' lang='lat' dir='ltr'><strong>lum</strong></span> <span class='ocrx_word' id='word_1_209' title='bbox 789 2981 916 3042; x_wconf 79' lang='lat' dir='ltr'><strong>oiieienl</strong></span> <span class='ocrx_word' id='word_1_210' title='bbox 926 2998 985 3059; x_wconf 86' lang='lat' dir='ltr'><strong>res,</strong></span> 
     </span>
    </p>

    <p class='ocr_par' dir='ltr' id='par_1_5' title="bbox 149 3065 1084 3397">
     <span class='ocr_line' id='line_1_34' title="bbox 149 3065 820 3145; baseline -0.007 -15"><span class='ocrx_word' id='word_1_211' title='bbox 149 3106 155 3130; x_wconf 82' lang='grc'>.</span> <span class='ocrx_word' id='word_1_212' title='bbox 197 3065 352 3144; x_wconf 73' lang='lat' dir='ltr'><strong>castores,</strong></span> <span class='ocrx_word' id='word_1_213' title='bbox 365 3067 478 3145; x_wconf 85' lang='lat' dir='ltr'><strong>leeliea,</strong></span> <span class='ocrx_word' id='word_1_214' title='bbox 493 3066 653 3143; x_wconf 76' lang='lat' dir='ltr'><strong>ciniflones,</strong></span> <span class='ocrx_word' id='word_1_215' title='bbox 669 3068 820 3144; x_wconf 80' lang='lat' dir='ltr'><strong>parasitae,</strong></span> 
     </span>
     <span class='ocr_line' id='line_1_35' title="bbox 195 3148 869 3228; baseline -0.006 -17"><span class='ocrx_word' id='word_1_216' title='bbox 195 3151 240 3211; x_wconf 83' lang='lat' dir='ltr'><strong>Ad</strong></span> <span class='ocrx_word' id='word_1_217' title='bbox 251 3150 324 3210; x_wconf 78' lang='lat' dir='ltr'><strong>lalus</strong></span> <span class='ocrx_word' id='word_1_218' title='bbox 335 3151 410 3212; x_wconf 80' lang='lat' dir='ltr'>stola</span> <span class='ocrx_word' id='word_1_219' title='bbox 421 3152 544 3212; x_wconf 81' lang='lat' dir='ltr'><strong>demissa</strong></span> <span class='ocrx_word' id='word_1_220' title='bbox 555 3161 585 3211; x_wconf 84' lang='lat' dir='ltr'><strong>el</strong></span> <span class='ocrx_word' id='word_1_221' title='bbox 599 3151 775 3211; x_wconf 80' lang='lat' dir='ltr'><strong>circumdala</strong></span> <span class='ocrx_word' id='word_1_222' title='bbox 785 3148 869 3228; x_wconf 90' lang='lat' dir='ltr'><strong>palla,</strong></span> 
     </span>
     <span class='ocr_line' id='line_1_36' title="bbox 195 3233 1084 3315; baseline 0.004 -21"><span class='ocrx_word' id='word_1_223' title='bbox 195 3234 326 3310; x_wconf 84' lang='lat' dir='ltr'><strong>Plurima,</strong></span> <span class='ocrx_word' id='word_1_224' title='bbox 340 3254 414 3315; x_wconf 84' lang='lat' dir='ltr'><strong>quae</strong></span> <span class='ocrx_word' id='word_1_225' title='bbox 425 3236 567 3296; x_wconf 82' lang='lat' dir='ltr'><strong>invideant</strong></span> <span class='ocrx_word' id='word_1_226' title='bbox 578 3253 649 3314; x_wconf 88' lang='lat' dir='ltr'><strong>pure</strong></span> <span class='ocrx_word' id='word_1_227' title='bbox 664 3251 803 3314; x_wconf 85' lang='lat' dir='ltr'><strong>apparere</strong></span> <span class='ocrx_word' id='word_1_228' title='bbox 815 3233 865 3295; x_wconf 82' lang='lat' dir='ltr'><strong>libi</strong></span> <span class='ocrx_word' id='word_1_229' title='bbox 877 3251 945 3293; x_wconf 90' lang='lat' dir='ltr'><strong>rem.</strong></span> <span class='ocrx_word' id='word_1_230' title='bbox 1021 3239 1084 3299; x_wconf 92' lang='grc'><strong>100</strong></span> 
     </span>
     <span class='ocr_line' id='line_1_37' title="bbox 196 3316 900 3397; baseline -0.003 -18"><span class='ocrx_word' id='word_1_231' title='bbox 196 3318 293 3379; x_wconf 74' lang='lat' dir='ltr'><strong>Altera</strong></span> <span class='ocrx_word' id='word_1_232' title='bbox 305 3316 346 3377; x_wconf 89' lang='lat' dir='ltr'><strong>nil</strong></span> <span class='ocrx_word' id='word_1_233' title='bbox 357 3318 452 3379; x_wconf 84' lang='lat' dir='ltr'><strong>ubslal</strong></span> <span class='ocrx_word' id='word_1_234' title='bbox 465 3318 535 3380; x_wconf 80' lang='lat' dir='ltr'><strong>Gela</strong></span> <span class='ocrx_word' id='word_1_235' title='bbox 546 3322 597 3383; x_wconf 79' lang='lat' dir='ltr'><strong>ribi</strong></span> <span class='ocrx_word' id='word_1_236' title='bbox 608 3344 615 3383; x_wconf 90' lang='lat'><strong>:</strong></span> <span class='ocrx_word' id='word_1_237' title='bbox 640 3336 732 3397; x_wconf 86' lang='lat' dir='ltr'><strong>paene</strong></span> <span class='ocrx_word' id='word_1_238' title='bbox 744 3318 843 3378; x_wconf 86' lang='lat' dir='ltr'><strong>videre</strong></span> <span class='ocrx_word' id='word_1_239' title='bbox 855 3325 900 3377; x_wconf 82' lang='lat' dir='ltr'><strong>est</strong></span> 
     </span>
    </p>
   </div>
   <div class='ocr_carea' id='block_1_5' title="bbox 0 0 1268 3942">
    <p class='ocr_par' dir='ltr' id='par_1_6' title="bbox 0 0 1268 3942">
     <span class='ocr_line' id='line_1_38' title="bbox 0 0 1268 3942; baseline 0 0"><span class='ocrx_word' id='word_1_240' title='bbox 0 0 1268 3942; x_wconf 95' lang='lat' dir='ltr'><strong> </strong></span> 
     </span>
    </p>
   </div>
  </div>
 </body>
</html>
