2525 3942
112 259 269 337 [suste]
328 330 334 333 ,
541 254 652 315 araur
662 253 685 314 1.
705 212 707 217 Ι
937 209 963 237 ⁰
1021 203 1082 318 lte

193 407 238 469 Ne
255 408 358 467 nummi
370 416 489 485 pereant
498 416 546 467 aut
560 424 637 486 pyga
648 416 695 467 aut
707 405 928 484 deniqueiama.
992 422 994 428 ·
1082 419 1085 423 ·

193 489 338 569 Deprendi
353 493 486 587 miserum
499 499 562 551 est:
583 489 672 549 Fabio
686 488 733 549 vel
749 490 844 549 iudice
854 492 973 551 vincam.
1054 544 1064 559 ,

521 680 672 691 μ--ο-η-

457 856 646 911 SATIM
660 856 736 911 111.

192 965 328 1043 Omnibus
342 982 399 1041 boe
409 983 506 1041 vitium
520 991 565 1041 est
577 982 757 1058 cauteribus,
773 983 847 1041 iuter
857 984 965 1043 amicos

190 1066 228 1127 Ut
241 1076 381 1144 uunquam
395 1064 660 1145 inducantanimum
676 1074 789 1125 cantare
803 1066 907 1143 regati,

135 1203 137 1208 .
190 1147 293 1209 luiussi
308 1166 448 1227 uunquam
463 1147 610 1207 desistant.
642 1148 746 1209 Sardus
762 1148 884 1208 habebat

190 1230 244 1291 llle
254 1230 393 1309 Tigellius
404 1232 475 1292 lmc:
491 1228 613 1307 Caesar,
627 1233 676 1310 qui
691 1248 799 1309 cogere
811 1241 923 1309 posset,

190 1315 221 1374 st
234 1322 347 1393 peteret
358 1332 411 1392 per
424 1316 574 1374 amicitiam
590 1317 678 1393 patris
694 1324 780 1393 atque
793 1334 887 1391 suam,
900 1332 957 1375 uou
1057 1318 1076 1380 5

192 1397 351 1475 Quidquam
368 1398 534 1474 proficerem
549 1400 574 1457 ai
589 1398 787 1475 collibuisset,
800 1398 835 1458 ab
852 1415 907 1457 ovo

189 1480 289 1558 Usque
305 1479 340 1538 ad
354 1480 426 1539 mala
438 1482 537 1539 citaret
547 1480 608 1556 „lo
621 1481 775 1541 Bacche!“
787 1480 871 1540 modo
886 1500 993 1543 summa

189 1561 283 1639 Voce,
295 1561 455 1637 credulae,
467 1572 584 1623 resonat
593 1581 666 1642 quae
677 1563 790 1623 chordis
801 1565 991 1641 quatuorima.

190 1644 238 1706 Nil
249 1644 369 1724 aequale
381 1645 486 1704 bomini
498 1646 551 1706 luit
561 1644 615 1705 illi:
631 1663 720 1723 saepe
735 1645 874 1723 velutqui

191 1726 330 1789 currebat
342 1728 455 1806 fugiens
470 1729 595 1805 hostem,
611 1746 753 1808 persaepe
767 1728 846 1789 velut
860 1730 907 1807 qui
1036 1737 1077 1796 10

190 1809 307 1882 lunonis
322 1830 403 1873 sacra
415 1813 517 1882 terret3
532 1813 655 1874 babebat
667 1830 755 1890 saepe
768 1811 918 1889 ducentos,

190 1894 284 1974 Saepe
296 1894 396 1956 decem
406 1913 521 1962 servos:
533 1896 618 1956 modo
629 1914 716 1974 reges
725 1904 810 1973 atque
822 1896 989 1974 tctmrclras‚

94 2036 112 2059 ,
190 1978 289 2039 Omnia
310 1998 427 2058 magua,
451 1980 589 2058 loquens,
616 1979 702 2039 modo
721 1979 795 2057 „Sit
810 1979 877 2039 mihi
894 1998 992 2041 mensa

704 2072 708 2080 '
741 2064 775 2121 tri
800 2071 880 2121 eset·

189 2127 330 2223 ‚3Goncbd
344 2146 411 2207 salis
427 2149 489 2225 puri
501 2157 531 2207 et
540 2158 618 2225 toga,
634 2080 874 2225 quae'tetelbdere
887 2145 987 2224 frigus,

189 2229 348 2306 „Quamuis
359 2241 467 2307 crassa,
481 2234 600 2309 queat.“
612 2231 720 2290 Decies
732 2237 850 2290 centena
861 2228 994 2290 dedisses
1034 2234 1072 2295 15

188 2312 267 2371 Huic
275 2330 361 2391 parco
376 2316 475 2392 paucis
490 2320 639 2375 contento:
651 2316 777 2393 quinque
793 2313 893 2373 diebus

188 2394 234 2455 Nil
247 2405 307 2456 erat
320 2398 349 2455 iu
360 2397 473 2457 loculis.
495 2397 604 2458 Noctes
622 2397 758 2475 vigilabat
770 2396 909 2475 adipsum
929 2412 938 2435 t

187 2478 287 2554 lllaue,
303 2479 378 2538 diem
391 2489 481 2539 totum
496 2480 643 2540 stertebat.
667 2479 714 2539 Nil
728 2479 780 2539 luit
790 2497 911 2558 uuquam

188 2562 238 2619 Sic
249 2562 339 2637 impar
348 2561 455 2619 sibi-
467 2561 549 2620 Nuuc
560 2561 663 2639 aliquis
675 2560 749 2619 dicat
759 2562 827 2620 mihi
838 2560 939 2637 „Quid
949 2554 999 2621 t'ui

178 2641 333 2720 '‚‚Nullaue
357 2641 445 2701 babes
467 2640 577 2701 vitia?“
593 2643 695 2705 'Immo
720 2642 791 2716 alia,
815 2650 844 2702 et
865 2642 988 2703 fortasse
1032 2649 1074 2710 20

754 2741 871 2785 mmcra.

186 2808 317 2869 Naeuius
326 2806 602 2871 absentemNuvium
610 2826 674 2868 cum
682 2816 822 2885 carperet,
833 2807 935 2885 „Heus
943 2814 1009 2887 tu,“

187 2890 308 2965 Quidam
323 2893 361 2951 ait
376 2892 516 2969 „ignoras
528 2900 567 2969 te,
581 2911 616 2952 au
628 2900 659 2952 ut
670 2894 797 2973 ignotum
812 2891 878 2952 dare
889 2894 972 2954 uobis

185 2975 280 3035 Verba
291 2971 419 3053 putas?“
430 3008 468 3019 -
480 2974 626 3053 „Egomet
636 2976 831 3053 mi'iguosco“
841 2974 970 3044 Naeuius

769 3061 797 3119 iu
837 3061 868 3121 it.

186 3142 295 3203 Stultus
307 3151 336 3203 et
350 3142 496 3221 improbus
510 3142 559 3206 bic
570 3152 705 3203 amor.est
715 3078 874 3223 timuggu'e
885 3149 986 3207 notari.

187 3224 258 3287 (lum
268 3235 316 3286 tua
327 3225 478 3306 pervideas
489 3224 581 3287 oculis
591 3226 663 3287 mala
673 3225 768 3306 lippus
780 3228 916 3289 inunctis:
997 3282 1005 3291 .
1030 3234 1070 3297 25

153 3336 157 3353 =
187 3308 245 3369 Cur
254 3310 283 3369 iu
297 3311 451 3370 amicorum
460 3308 537 3371 vitiis
547 3319 604 3372 tam
615 3313 708 3371 cernis
722 3320 844 3389 acutum,

130 3385 288 3468 BONATtttS,
383 3451 412 3472 ⁶.
893 3402 932 3453 10,
