2525 3942
192 172 253 235 too
536 123 539 127 Δ
568 173 786 266 snimnnun
1034 179 1104 254 [se.
1120 182 1159 257 a]

274 321 426 400 „lleredes
437 323 549 383 Staberi
560 342 695 396 summam
706 323 831 385 incidere
843 324 988 403 sepulcro,

211 410 251 471 85
274 406 333 483 „Ni
345 408 388 466 sic
399 406 552 482 fecissent,
564 406 751 485 gladiatorum
763 408 830 467 dare
842 416 953 467 centum

273 490 423 566 „Damnati
437 488 546 568 populo
557 492 636 568 paria
647 497 732 569 atque
744 490 857 569 epulum
868 492 983 551 arbitrio
996 492 1070 569 Arri,
1131 542 1134 551 .

272 572 437 650 „Frumenti
448 582 580 651 qnantum
589 575 669 633 metit
679 572 784 634 Africa.
807 573 900 651 „Sive
915 591 971 650 ego
984 592 1070 653 prave

271 657 384 734 „„Sea
394 665 474 715 recte
484 657 541 717 hoc
551 656 645 733 volui,
661 674 698 717 ne
709 657 749 716 sis
762 664 876 734 patruus
888 657 990 715 mihi.“
1013 656 1119 740 Credo,

205 796 210 801 .
271 739 358 817 „Hoc
374 739 486 799 Staberi
505 739 670 817 prudentem
686 742 806 799 animum
818 738 936 799 vidisse.
959 740 1066 813 souin
1083 764 1155 825 ergo

180 838 185 843 ·
206 824 250 885 90
271 824 406 901 „Sensit‚
424 839 488 881 cum
499 841 635 883 summam
647 824 794 901 patrimoni
807 822 970 899 insculpere
981 832 1050 883 saxo

269 904 423 984 ,dieredes
434 902 544 965 voluit?
564 904 698 979 JQuond
709 906 794 982 vixit,
808 905 926 965 credidit
938 908 1038 983 ingens

269 988 460 1067 „Pauperiem
469 990 568 1048 vitium
580 997 609 1048 ct
619 991 694 1047 cavit
708 988 776 1049 nilril
787 990 896 1065 aerius,
909 998 955 1064 ut,
971 991 995 1048 si

269 1072 379 1149 „Fonte
389 1074 480 1131 minus
490 1071 622 1149 locuples
634 1088 690 1131 uno
703 1070 855 1149 quadrante
865 1073 985 1153 periret,
1003 1142 1012 1151 ⁸

268 1154 360 1234 „lpse
370 1153 514 1215 rideretur
528 1156 583 1214 sihi
595 1157 729 1233 nequior:
742 1156 832 1213 omnis
847 1156 921 1214 enim
932 1173 989 1229 res,

206 1241 246 1301 9tt
267 1238 402 1314 „Virtus,
415 1238 505 1314 lama,
523 1237 627 1314 decus,
647 1237 739 1297 divina
751 1238 925 1313 humanaque
941 1238 1065 1314 pulchris

267 1320 404 1397 „Divitiis
416 1329 528 1397 pareut;
541 1339 612 1399 quus
624 1322 673 1399 qui
687 1321 893 1395 construxerit,
906 1320 956 1379 ille

266 1402 391 1481 „Clarus
408 1406 478 1480 erit,
496 1403 595 1481 fortis,
608 1406 698 1464 iustus
713 1438 750 1448 —
780 1406 801 1473 9
817 1400 995 1480 sapiensne?
1017 1408 1036 1473 9
1046 1403 1149 1484 Etiam,

698 1496 727 1547 et
736 1505 788 1547 rex

265 1570 326 1647 „lit
337 1570 474 1649 quidquid
488 1570 577 1631 volet.
599 1568 680 1647 lloe,
692 1569 780 1629 veluti
790 1570 894 1630 virtute
906 1576 1040 1647 paratum,

264 1654 422 1731 „Speratit
432 1672 552 1731 magnae
564 1652 639 1714 laudi
652 1653 724 1713 iore.
749 1652 824 1725 Quid
836 1652 928 1712 simile
940 1654 984 1711 isti

182 1737 244 1801 100
264 1736 416 1813 „Graecus
425 1736 605 1815 Aristippus,
617 1739 667 1816 qui
678 1753 778 1796 servos
794 1737 933 1814 proiieere
946 1753 1040 1794 aurum

263 1818 321 1896 „ln
330 1818 423 1879 media
434 1821 516 1880 iussit
525 1820 631 1896 libya,
648 1822 713 1898 quia
724 1818 829 1879 tardius
842 1821 913 1877 irent

263 1902 407 1981 „Propter
417 1919 489 1963 onus
500 1900 626 1981 segnes?
639 1902 709 1963 Uter
720 1910 764 1962 est
775 1904 899 1961 insanior·
909 1900 1007 1959 horum
1015 1897 1069 1957 l-

263 1986 333 2062 „Nil
345 1988 405 2063 agit
415 1988 592 2065 exemplum,
604 1985 684 2047 litem
696 1984 772 2064 quod
784 1982 832 2044 lite
844 1981 972 2043 resolvit.

262 2070 317 2146 „Si
331 2070 395 2149 quis
410 2079 485 2129 emat
499 2071 637 2145 citharas,
654 2077 742 2129 emtas
754 2067 952 2144 comportatio
964 2083 1057 2137 unrrm,
1150 2123 1154 2129 ,

180 2155 240 2216 105
263 2152 348 2228 „Nec
359 2150 452 2211 studio
464 2153 588 2211 citharae
601 2168 656 2210 nec
671 2169 768 2210 musae
782 2148 893 2209 deditus
906 2147 965 2221 ulli,

262 2236 316 2311 „Si
328 2234 438 2310 scalpra
450 2243 479 2292 et
490 2234 594 2293 formas
605 2249 662 2291 nou
674 2242 768 2307 sutor,
782 2234 893 2289 nautica
907 2228 971 2288 vela

261 2316 410 2392 „luemus
421 2318 601 2375 mercaturis:
612 2312 718 2375 delirus
731 2322 759 2373 et
770 2332 866 2372 amens

244 2425 249 2428 ·
261 2398 415 2476 „Undique
428 2397 535 2458 dicatur
547 2400 659 2473 merito.
683 2397 738 2471 Qui
752 2396 894 2474 discrepat
904 2396 977 2470 istis,

260 2479 342 2557 „Qui
351 2498 481 2543 nummos
491 2500 646 2561 aurumque
657 2481 928 2557 recondit,neseius
939 2481 979 2537 uti

178 2569 240 2630 110
260 2563 459 2643 „Compositis
470 2573 657 2644 metuensque
668 2562 746 2625 velut
757 2566 922 2642 contingere
936 2560 1066 2623 sacrum-l

260 2650 390 2727 „Siquis
404 2648 441 2717 ad
450 2652 594 2728 ingentem
605 2650 736 2709 frumenti
747 2665 862 2727 semper
873 2664 1017 2706 acervumv

144 2737 148 2745 '
259 2732 433 2809 „Porrectus
443 2732 544 2812 vigilet
555 2732 717 2811 cumlongo
729 2733 822 2807 fuste,
840 2748 934 2807 neque
948 2728 1025 2811 lllino

259 2816 394 2892 „Audeat
406 2820 534 2877 esuriens
546 2816 675 2875 dominus
687 2816 852 2891 contingere
864 2814 990 2889 granum,

259 2898 327 2975 „Ao
338 2901 433 2978 potius
443 2900 519 2958 loliis
536 2916 639 2974 pareus
651 2905 784 2955 vescatur
796 2894 911 2962 amorim

180 2986 236 3047 115
259 2982 314 3058 „st
326 2983 428 3059 positis
436 2983 511 3039 intus
523 2979 587 3039 Chii
598 2980 763 3061 veterisque
775 2975 886 3037 Falerni
949 2988 950 2992 ’

258 3062 360 3140 „llille
372 3062 450 3124 cadis
463 3096 501 3107 -
514 3060 583 3122 nihil
594 3069 655 3139 eat,
670 3070 827 3122 tercentum
837 3058 975 3139 millibus,
989 3078 1056 3119 anre

257 3144 363 3221 „l'otet
377 3153 504 3213 acetum
515 3162 580 3222 age,
594 3145 619 3203 si
629 3153 659 3205 et
672 3147 833 3208 stramentis
842 3144 957 3204 incubet
969 3144 1054 3205 unde·

211 3283 216 3287 .
257 3229 426 3306 „octogiuta
437 3245 526 3289 annos
540 3235 637 3307 natus,
651 3230 696 3289 cui
708 3228 833 3309 stragula
844 3229 944 3304 vestis,
963 3229 967 3236 ’
