2525 3942
138 195 209 263 [see.
222 188 259 267 u]
307 213 309 216 -
545 186 658 249 amna
671 186 714 249 u.
1047 186 1112 273 ras

72 334 75 344 '
137 338 191 416 Tu,
202 306 506 418 mibiquiimperitas,
522 336 569 397 aiii
580 339 672 398 servis
686 338 773 399 miser
786 346 871 418 atque

136 422 320 499 Duceris,ut
328 423 429 494 ,nervis
440 422 540 482 alienis
550 420 660 480 mobile
672 420 789 499 lignum.
929 490 935 497 p
1027 489 1035 499 ἱ

93 529 104 537 f
136 505 274 578 Quisnam
284 508 370 583 igitur
380 502 472 564 liberi
484 504 615 582 Sapiens,
628 504 683 564 sibi
695 505 743 583 qni
753 504 936 582 imperiosus,
1048 512 1051 518 ’

138 587 229 661 Quem
257 589 535 666 nuque-pauperies
566 585 661 665 neque
686 603 763 647 mors
794 605 889 665 neque
910 586 1022 647 vincula

86 812 90 819 ,
135 751 322 831 Responsare
337 752 531 831 cupidinibus,
549 677 870 813 eonterbenrerffitt’ronores
929 731 939 742 ³
1064 751 1104 812 85

4 837 13 865 ⁸
135 834 241 913 Fortis,
254 845 283 896 et
292 837 321 896 in
335 855 367 895 se
381 838 447 915 ipsc
459 844 546 913 totns,
558 844 638 897 teres
649 844 736 914 atque
747 834 896 913 rotundus,

117 918 251 999 ,Extemi
265 937 303 980 nc
318 919 384 997 qnid
399 918 492 979 valeat
502 936 555 998 per
565 918 631 981 leue
642 920 756 995 morari,

133 1000 169 1080 ln
178 1020 263 1080 quem
277 1018 376 1062 manca
385 1005 441 1062 ruit
454 1019 569 1079 semper
579 1001 701 1062 fortuna.
723 1001 848 1064 Potesne

20 1099 27 1110 ⁴
132 1084 178 1145 Ex
188 1086 232 1145 bis
243 1094 274 1145 nt
285 1087 430 1164 proprium
442 1084 510 1163 quid
522 1081 665 1145 noscere?
688 1084 822 1163 Quinque
832 1083 936 1146 talenta

132 1166 228 1228 Poscit
239 1176 269 1228 te
280 1168 392 1246 mulier,
407 1177 492 1229 vexat
502 1168 670 1247 foribusque
680 1168 826 1247 repulsum
1062 1168 1105 1229 90

132 1239 277 1311 Perfundit
287 1250 400 1329 gelida,
412 1270 511 1313 rursus
521 1260 622 1313 vocat:
634 1254 715 1329 cripe
728 1253 804 1329 turpi
866 1250 883 1271 *
921 1263 925 1271 ‘

132 1332 215 1395 Golia
226 1334 305 1411 ingo,
317 1332 437 1409 „Liber,
448 1333 522 1394 iiber
532 1337 631 1411 snm,“
643 1334 689 1394 dic
701 1334 771 1415 agei
785 1333 850 1395 Non
861 1336 939 1413 quis:

130 1416 222 1493 Urget
233 1418 307 1475 enim
318 1414 447 1475 domiuus
461 1423 583 1477 mentem
592 1434 651 1477 non
661 1416 733 1477 lenis
745 1426 774 1477 et
784 1434 866 1477 acres

131 1499 279 1558 Subiectat
288 1498 366 1558 lasso
378 1498 508 1559 stimulos
518 1508 672 1578 versatque
683 1508 844 1578 negantem.

102 1580 184 1663 [Vei
196 1598 259 1641 cnm
272 1580 410 1642 Pausiaca
422 1590 537 1659 torpes,
553 1584 669 1658 insane,
684 1581 799 1658 tabella,
1059 1588 1100 1649 95

131 1664 187 1737 Qui
198 1681 305 1741 peccas
315 1666 407 1724 minus
418 1672 505 1743 atque
516 1682 584 1743 ego,
597 1651 661 1723 cum
671 1663 754 1725 Fulvi
764 1662 949 1742 Rutubaeque

130 1747 185 1807 Ant
198 1746 369 1808 Placideiani
384 1756 517 1807 contento
529 1748 640 1835 poplite
655 1750 742 1807 miror

127 1829 240 1892 Proelia
250 1830 363 1890 rubrica
375 1830 452 1908 picta
466 1839 514 1890 ant
526 1832 661 1908 carbone,
678 1830 758 1890 velut
769 1832 794 1891 si

127 1912 171 1973 Rc
183 1931 252 1973 vera
263 1922 406 1992 pugnent,
422 1912 523 1973 feriant
534 1916 681 1992 vitentque
694 1921 842 1973 moventes

127 1995 212 2056 Arma
225 1994 300 2057 viri?
321 1995 451 2075 Nequam
463 2004 493 2065 et
505 2006 635 2057 cessator
644 1996 757 2066 Davns;
775 2005 803 2056 at
813 1997 878 2075 ipse

128 2078 245 2139 Subtilis
259 2088 387 2139 veterum
397 2080 485 2141 iudex
495 2089 524 2141 et
539 2080 658 2141 callidus
671 2078 762 2141 audis.

112 2162 173 2236 ,Nil
186 2179 260 2240 ego,
273 2165 298 2222 si
310 2162 401 2223 ducor
411 2162 471 2224 libo
482 2163 621 2225 fumante:
631 2164 683 2224 tibi
694 2165 795 2242 ingens

126 2245 222 2305 Virtus
235 2254 321 2325 etque
332 2249 440 2307 animus
453 2250 551 2309 coenis
562 2255 714 2326 responsat
725 2244 849 2324 opimis?

126 2326 303 2406 Obsequium
312 2332 421 2389 ventris
432 2332 499 2391 mihi
510 2331 701 2409 perniciosius
714 2338 758 2389 nst
769 2327 842 2389 curi

126 2410 221 2489 'bergo
235 2410 349 2488 plector
360 2415 444 2471 enim.
469 2412 524 2485 Qui
536 2423 566 2473 tn
577 2415 739 2491 impunitior
749 2411 807 2489 illa,
846 2458 853 2471 ,
906 2453 909 2459 =

127 2492 211 2566 Quae
223 2510 313 2571 parvo
325 2496 397 2553 sumi
407 2482 570 2570 nequierunt,
588 2496 708 2566 obsonia
720 2490 842 2571 captas?

124 2574 237 2653 Nempe
248 2576 454 2635 inamarescunt
466 2574 568 2652 epulae
581 2577 643 2634 sine
655 2577 710 2635 fine
721 2578 838 2654 petitae,

125 2656 263 2735 Iltusiqne
278 2657 368 2735 pedes
378 2658 511 2715 vitiosum
522 2657 598 2717 ieme
612 2668 745 2738 recusant

126 2738 251 2818 Corpus.
272 2738 317 2801 An
325 2739 377 2819 bic
389 2748 502 2817 peccat,
515 2740 567 2799 sub
579 2748 692 2799 noctem
704 2742 752 2818 qui
763 2756 835 2817 puer
845 2752 928 2798 nram

124 2821 239 2884 Furtiva
249 2830 336 2882 mutat
350 2821 467 2899 strigiii3
482 2823 531 2900 qui
544 2822 659 2899 praedia
669 2822 775 2900 vendit,

122 2905 171 2966 Nil
184 2904 289 2967 servile
300 2904 384 2983 gulae
395 2921 497 2982 parens
508 2903 616 2984 babet?
636 2905 734 2983 Adde,
752 2904 914 2985 quodidem

122 2988 188 3049 Non
199 2990 296 3049 horam
307 2997 402 3048 tecum
416 3006 484 3047 esse
495 2990 597 3065 potes,
608 3005 666 3048 non
678 2990 735 3049 otia
745 2997 834 3048 recte

122 3069 248 3149 Ponere,
263 3072 457 3150 tequcipsnm
467 3073 539 3130 vitas
551 3069 686 3149 fugitivus
699 3079 727 3132 ct
739 3089 814 3149 erro,

122 3153 181 3215 lam
190 3157 257 3215 vino
273 3171 430 3232 quaerens,
445 3156 500 3213 inm
510 3168 609 3213 somno
621 3154 721 3215 ialiere
734 3173 841 3225 curam;

122 3235 251 3318 Frustra:
265 3255 330 3297 nam
343 3253 440 3297 comes
451 3245 509 3297 atra
522 3238 624 3314 premit
636 3239 821 3317 sequiturque
832 3237 974 3316 iug'acem.
1031 3240 1093 3301 115
