2525 3942
127 131 258 290 tutan]

508 211 616 272 matta
627 211 678 272 tlt.

275 354 373 442 Nuper
387 365 415 422 in
429 366 516 440 pratis
530 364 655 424 studiosa
667 364 765 424 florum
779 373 817 425 et

275 446 396 508 Debitae
410 446 547 525 Nymphis
559 449 658 527 opifex·
675 464 808 524 coronae,
886 477 890 482 ·
951 523 954 530 Ι

276 529 370 590 Nocte
386 531 519 590 sublustri
529 531 597 591 nihil
606 541 687 609 astra
698 543 810 610 praeter

323 611 401 674 vidit
416 624 445 674 et
455 615 553 676 undas.

235 800 239 811 =
279 763 358 838 Quae
372 767 454 826 timul
470 743 581 826 eentum
594 768 687 846 tetigit
702 777 844 846 p'otentem

206 853 215 874 “
278 840 398 927 Oppidis
413 848 531 927 Creten,
548 850 669 927 „Putem
689 851 846 912 orelietum
937 905 940 916 .

277 931 388 1010 „Filiae
396 950 514 1007 numen,
529 937 701 1012 pietasque“
713 935 799 1013 uixit,

290 1042 293 1046 ·
325 1017 429 1094 „Victa
443 1017 556 1078 surore!

276 1141 381 1218 „Unde
407 1163 464 1225 quo
481 1141 567 1205 veni?
585 1120 668 1205 levis
680 1165 734 1219 una
746 1161 823 1206 mors
840 1155 884 1204 est
981 1161 992 1175 ‘·

277 1226 445 1305 „Virginnm
458 1229 569 1307 culpae.
613 1229 776 1308 vigilansne
788 1229 869 1309 ploro
930 1265 931 1268 =

276 1309 394 1388 „Turpe
405 1315 602 1390 commissum,
617 1331 653 1374 an
665 1315 741 1374 vitiis
753 1323 894 1374 aarentem

163 1406 167 1411 ·
242 1437 246 1441 -
325 1394 430 1472 „Ludit
439 1399 532 1474 imago

276 1518 392 1596 „Vana‚
401 1545 403 1553 ·
413 1539 485 1599 quae
498 1531 580 1598 porta
590 1522 704 1600 fugiens
716 1523 820 1583 eburna

248 1648 250 1652 .
265 1603 445 1680 =„Sumnium
459 1603 554 1664 ducit?
576 1605 715 1666 Meliusne
729 1606 830 1666 fluctus
862 1667 863 1676 ,

276 1685 346 1762 „Ire
352 1704 412 1769 per
424 1686 527 1766 longos
542 1688 612 1764 fuit,
626 1707 661 1748 an
671 1700 803 1749 recentes

328 1767 479 1848 „Carpere
499 1769 608 1831 floren?

277 1895 333 1971 „Si
347 1897 410 1973 quis
428 1895 558 1955 infamem
572 1898 639 1957 nint
649 1914 723 1956 nunt
734 1899 881 1978 iuvencum

277 1978 393 2055 „Dedat
403 1980 502 2039 iratae!
523 1979 661 2040 lacerare
671 1981 747 2040 ferro
760 1990 788 2041 et
882 2002 884 2006 ·
928 1979 932 1986 “

172 2107 176 2112 .
277 2061 443 2139 „Frangere
455 2065 543 2124 enitar
557 2062 861 2126 modomultumamati
927 2050 933 2054 λ

271 2191 280 2214 .
329 2145 466 2229 „Comma
474 2151 602 2229 monstri.

258 2276 261 2281 ’
277 2271 452 2358 „Impuden's
463 2280 532 2360 liqui
544 2284 651 2360 patrios
661 2281 794 2362 Penates,

276 2362 450 2443 „Impudens
464 2363 566 2427 Oreum
577 2383 682 2440 meror.
726 2368 750 2428 0
766 2367 881 2428 deorum

278 2449 333 2525 „si
344 2449 407 2526 quis
421 2449 493 2508 haee
507 2449 604 2528 audin,
617 2453 720 2512 utinam
730 2453 802 2512 inter
813 2469 904 2512 errem

327 2531 433 2610 „Nuda
442 2531 556 2592 leones!

173 2661 175 2665 ’
278 2655 457 2734 „Antequam
471 2657 560 2735 turpis
573 2659 680 2718 macies
696 2658 830 2719 decentes

278 2738 431 2817 „Occupet
441 2739 527 2799 malas
538 2748 711 2818 teneraeque
722 2759 807 2800 sucus

167 2868 173 2877 ,
277 2824 414 2901 „Defluat
427 2824 564 2901 praedae,
576 2827 710 2903 speciosa
722 2819 826 2904 quaer'o

328 2906 473 2985 „Pascere
484 2905 586 2986 tigres!

277 3032 372 3109 „vitis
381 3031 514 3110 Europe,
531 3042 611 3111 pater
621 3042 705 3112 urget
715 3035 832 3097 absens:

277 3115 377 3193 „Quid
390 3119 462 3177 muri
477 3115 595 3176 cessas?
619 3115 706 3178 Potes
720 3118 774 3179 hae
785 3121 819 3182 ah
832 3139 902 3185 orno

277 3198 453 3277 „Pendulum
463 3217 534 3260 zona
545 3201 619 3260 bene
634 3210 663 3263 te
674 3213 772 3263 aetuta

327 3283 476 3362 „laedere
486 3282 600 3344 collum.
