2525 3942
423 231 456 292 Q.
480 213 787 280 messanensem.
977 177 1103 282 xxxvrl

98 394 230 467 quidem,
257 391 404 447 dummodo
427 391 512 446 risum
535 390 590 447 sibi
615 396 777 459 excuteret,
798 397 944 463 parceret,
973 359 1102 464 eumque,

98 477 206 534 Lucilio
228 475 256 530 in
283 475 370 532 satira
392 479 573 530 antecessore
595 473 681 543 longe
703 474 883 544 inferiorem,
909 491 973 530 esse
990 482 1101 547 pettam
1199 491 1209 502 ·

98 561 257 631 negabant,
281 558 384 630 quippe
402 557 449 628 qui
471 557 540 612 nihil
556 556 610 612 nisi
633 573 737 627 paucos
753 573 853 613 versus
872 553 1113 630 conscripsisset(

98 645 186 712 llinc,
204 659 260 714 quo
277 641 444 697 vanissimos
456 638 704 711 iniquissimcsque
721 640 792 695 istos
808 641 1014 697 obtrectatores
1029 659 1101 714 pun·
1167 638 1177 690 Γ

99 733 181 799 geret
200 726 418 795 refelleretque,
440 724 556 796 scripsit
577 723 692 792 sami,
708 727 734 780 3.
757 728 865 794 oete,
886 726 1004 819 quibus,
1027 726 1102 782 indi-

100 813 188 880 cium,
212 809 287 880 quod
305 809 339 864 de
356 807 488 863 Lucilio
482 823 509 862 ιιι
528 807 620 863 ιιιιιι
634 813 731 877 quarta
748 807 870 876 iecerat,
888 809 1032 879 copiosius
1051 825 1102 864 ex-

99 895 259 967 positurus,
286 891 473 951 addiditlibri
492 849 891 963 priorissatiramdecimanl,
915 892 1102 962 qnasenilril
1161 910 1170 926 s

100 980 139 1034 ait
153 976 354 1033 malevolorum
370 981 399 1030 et
414 975 605 1050 imperitorum
619 975 775 1042 bominum,
790 974 985 1044 Pantiliorum,
1001 975 1103 1030 Deme-

99 1062 235 1130 triorum,
251 1060 450 1129 Tigelliorum,
466 1058 573 1114 iudicio
589 1058 712 1127 moveri,
729 1059 798 1115 satis
814 1064 972 1113 contentum
989 1074 1022 1115 ac
1034 1059 1102 1114 bea-

99 1153 155 1201 tum
171 1145 255 1200 laude
273 1150 301 1197 et
316 1142 519 1215 approbatione
537 1141 735 1199 excellentium
750 1148 894 1213 poetarum
911 1142 1102 1213 prudentium·
1119 1165 1122 1171 ·

100 1245 154 1300 que
170 1229 316 1283 literarum
331 1227 569 1295 existimatorem,
590 1225 691 1295 Plotip',
710 1225 807 1294 Varii,
829 1225 1015 1294 Maecenatis,
1036 1225 1102 1280 Vir-

60 1345 64 1350 ·
99 1313 181 1382 gilii,
200 1312 326 1367 aliorum.
366 1309 423 1366 Sed
445 1325 523 1379 cum,
544 1313 573 1364 ut
595 1310 635 1365 ait
650 1309 762 1365 Tacitus
784 1309 812 1364 in
828 1309 943 1379 dialogo
966 1309 1001 1364 de
1018 1315 1099 1365 oratt.
1143 1331 1147 1338 -

99 1400 149 1464 18,
172 1395 244 1451 vilio
258 1394 438 1465 malignitatis
458 1395 593 1450 humanae
609 1399 706 1450 uetera
722 1409 833 1464 semper
854 1393 882 1447 in
898 1392 998 1463 laude,
1019 1409 1102 1464 prae-

99 1479 191 1535 sentia
207 1479 236 1533 in
253 1479 368 1540 fastidio
385 1495 449 1533 esse
465 1479 590 1546 soleant,
613 1475 744 1532 lloratius
767 1494 801 1531 ne
818 1476 970 1547 lyricorum
992 1477 1102 1544 quidem

99 1563 269 1632 carminum,
284 1563 312 1617 in
329 1577 399 1632 quae
415 1551 520 1634 primu's
537 1559 633 1616 omn‘es
649 1549 817 1616 Graecarum
829 1561 967 1615 llnsarum
983 1576 1102 1615 veneres

100 1637 281 1702 felicissimo
297 1651 405 1700 conatu
422 1645 588 1714 transfudit,
616 1644 790 1699 severiorem
817 1643 934 1699 evitavit
957 1660 1103 1699 censuram

100 1745 162 1784 curn
178 1730 436 1799 grammaticorum,
458 1729 570 1824 rigidae
593 1734 621 1782 et
641 1727 718 1782 rudis
736 1728 883 1782 vetustatis
906 1727 1042 1804 lautorum
1060 1727 1103 1782 ni-

55 1829 57 1833 ·
99 1813 197 1883 hiique
219 1807 419 1881 mirantium,
429 1803 709 1883 nisiquodL1brtma
731 1808 889 1879 sacravit',
915 1816 971 1864 tum
992 1810 1102 1864 versili-

101 1901 243 1964 catorum,
266 1895 423 1967 principum
442 1896 566 1951 virorum
590 1894 709 1975 gratiam
732 1893 902 1949 carminibus
921 1893 1102 1965 captantium,

100 1979 202 2048 quibus
211 1978 302 2034 Roma
318 1985 374 2034 tum
390 1979 556 2056 abundabat.
602 1961 669 2034 llam
684 1978 805 2074 populas
827 1977 900 2033 levis
920 1977 1030 2033 calebat
1046 1993 1101 2033 uno

100 2063 253 2118 Scribendi
269 2062 381 2124 studio:
401 2063 481 2135 pueri
497 2069 649 2135 patresque
665 2063 758 2117 severi
765 2051 883 2117 Fronde
905 2077 999 2116 comas
1002 2057 1102 2117 vincti
1152 2099 1160 2106 -

82 2123 258 2202 coenabant
274 2151 303 2201 ct
317 2147 437 2203 carmina
454 2147 596 2203 dictabant
612 2146 831 2216 scribebantque
847 2145 953 2202 indocti
969 2145 1102 2218 doctique

99 2235 229 2301 poemata
244 2245 349 2301 passim
369 2229 473 2304 (Epist
490 2231 526 2300 ll,
543 2237 568 2299 1,
584 2235 636 2289 108
652 2247 730 2301 seqq
755 2236 784 2284 et
799 2224 874 2302 117)
922 2228 1102 2297 contraeas,

100 2313 147 2385 qui
160 2314 343 2369 imitationem
354 2313 524 2370 Graecorum
535 2320 636 2386 potitae
651 2312 870 2385 exprobrabant,
885 2303 1001 2384 s'cripsit
1012 2311 1101 2383 Epist.

99 2397 128 2467 l,
146 2401 181 2456 19
201 2389 456 2467 adllaecenatem,
479 2413 532 2469 qua
554 2398 583 2454 id
604 2398 679 2468 egit,
702 2404 732 2482 ιιι
754 2396 863 2453 laudern
885 2397 939 2452 sibi
955 2403 1129 2466 tamquam

99 2467 220 2551 potitae,
245 2481 292 2552 qni
307 2481 439 2554 princeps
455 2482 545 2538 libera
562 2482 685 2552 vestigia
706 2472 733 2535 in
751 2481 816 2536 loco
833 2497 848 2535 a
863 2480 993 2536 Romanis
1009 2479 1102 2551 poetis

100 2564 233 2634 neglecto
248 2566 408 2660 posuisset,
430 2566 552 2622 debitam
567 2566 740 2634 vindicaret,
757 2565 946 2633 doceretque,
963 2562 1102 2655 quomodq

100 2662 186 2702 verus
204 2653 312 2719 poeta,
327 2649 374 2720 qai
394 2649 449 2705 sibi
474 2650 555 2718 tidat,
578 2666 593 2704 a
616 2663 700 2706 servo
721 2646 889 2702 imitatorum
910 2660 1031 2717 pecore,
1056 2644 1101 2713 qui

101 2729 163 2784 lere
182 2731 299 2787 aliorum
318 2748 373 2788 non
388 2734 524 2801 virtutes,
553 2732 605 2788 sed
627 2730 696 2786 vitia
713 2730 826 2784 indocte
848 2733 1016 2800 sequantur,
1035 2718 1102 2781 dis·
1162 2757 1169 2764 ·

100 2820 275 2870 cerneretur.
320 2816 396 2872 Δι’
389 2817 424 2872 ιιι
452 2833 538 2885 uero,
569 2815 615 2887 qui
643 2829 698 2869 non
720 2813 852 2869 lavabant
876 2811 1102 2884 plaudebantqae

63 2890 68 2898 ’
100 2896 156 2952 nisi
173 2897 297 2968 ingeniis
313 2900 448 2972 sepultis,
463 2917 495 2956 se
512 2891 639 2956 defendit
652 2896 810 2954 Horatins'
802 2912 830 2951 m
843 2895 978 2969 Epistolis
996 2894 1032 2951 ad
1043 2895 1114 2973 llo-x

99 2986 212 3050 gastum
226 2977 278 3056 (ιι,
292 2979 347 3057 ι),
369 2985 404 3040 ad
419 2985 518 3039 lulium
532 2983 643 3040 Florum
657 2979 708 3058 (ιι,
724 2977 759 3056 2)
772 2986 800 3036 et
813 2981 848 3036 ad
862 2979 979 3036 Pisones
996 2975 1053 3053 (ll,
1068 2973 1102 3050 ὅ)

99 3065 225 3136 scriptis.
271 3065 367 3138 Neque
383 3073 473 3124 tamen
495 3069 523 3123 in
539 3067 674 3140 Epistolis
689 3065 718 3121 in
734 3061 951 3121 obtrectatores
960 3079 1046 3132 snos,
1067 3062 1102 3117 de

99 3148 202 3217 quibus
219 3151 337 3220 egregie
352 3151 664 3223 disputavitWeiclrert
680 3147 733 3205 ‘de
749 3147 986 3205 obtrectatoribus
1001 3145 1033 3212 0
1045 3145 1102 3200 llo-

98 3231 164 3287 ratii
186 3231 299 3288 Flacci'
321 3234 350 3288 in
372 3234 517 3291 Poetarum
542 3236 598 3290 Lat.
625 3232 804 3327 reliquiisp.
826 3234 1003 3298 ιιι-330,
1027 3233 1103 3283 tanin

97 3311 227 3372 invectus
256 3322 301 3372 est
325 3316 385 3387 ira,
413 3323 514 3390 quanta
539 3332 741 3412 nonnumquam
766 3315 795 3370 in
816 3315 920 3371 Satiris
946 3317 975 3366 et
989 3309 1102 3401 Epodis

97 3391 203 3471 (Epod.
225 3395 274 3472 10)
290 3402 405 3458 exarsit.
451 3401 539 3458 Annis
556 3401 628 3457 enim
647 3399 866 3472 procedentibus
883 3394 1048 3463 lloratius,
1052 3409 1100 3448 na-
