2525 3942
192 198 303 267 suo
392 262 396 269 ,
549 192 812 253 srrsnounnuu
991 180 1170 271 'rupuar

275 348 371 409 Ausus
380 346 470 407 idom:
487 354 592 405 tautum
603 344 694 401 series
706 344 890 421 iuncturaque
901 341 1003 419 pollet,
1017 359 1024 369 ’

277 430 394 491 'lantum
405 429 440 489 de
456 426 550 487 medic
562 429 661 486 sumtis
676 424 787 485 accedit
797 426 923 485 honoris.
942 476 952 498 f

277 513 363 573 Silvis
375 512 490 572 deducti
505 519 622 570 caveant
633 527 679 568 me
691 508 784 567 iudice
796 507 893 583 Fauni,

192 596 255 659 245
277 591 339 672 Ne,
355 596 455 656 velut'
447 595 532 655 innati
544 595 633 653 triviis
647 610 681 652 ac
692 609 783 669 paene
795 591 936 666 forenses,
977 646 982 653 .

171 680 184 703 ”
275 678 370 740 Αιιι
343 680 457 739 numium
467 679 573 737 teneris
585 678 751 735 iuvenentur
760 675 890 734 versibus
903 692 1034 751 unquam,

144 834 149 839 q
276 761 334 822 Aut
344 761 482 821 immunda
493 769 612 837 crepent
622 762 869 837 ignominiosaque
881 756 968 817 diota

277 843 462 903 Oileoduntur
472 846 546 903 enim
553 843 682 919 ,quibus
698 849 742 899 est
757 859 847 918 equus
858 850 886 899 et
897 848 1017 939 pateret
1029 858 1090 917 res,

276 926 356 1003 Nec,
372 945 397 985 sn
390 925 476 1004 quid
487 887 562 985 iricti
574 927 676 983 ciceris
688 924 790 1001 probat
801 933 837 983 et
840 927 921 983 nucis
934 931 1034 999 emtor,

80 1016 84 1023 “
194 1010 257 1072 250
277 1009 386 1087 Aequis
397 1010 539 1086 accipiunt
548 1010 647 1067 animi
659 1007 798 1067 donantve
811 1021 926 1067 corona

278 1091 392 1166 Syllaba
402 1091 488 1169 longa
497 1092 579 1151 brevi
591 1091 720 1151 subiecta
732 1100 851 1151 vocatur
861 1092 992 1164 tumtur,

148 1200 158 1214 ι
276 1173 331 1232 Pes
343 1176 429 1233 crtus·
440 1174 521 1243 unde
536 1176 619 1233 etiam
634 1176 767 1233 trimetris
779 1190 946 1232 accrescere
957 1174 1040 1231 iussit

276 1256 385 1315 Nomen
396 1250 531 1333 numbers
549 1275 612 1316 cum
627 1272 714 1315 senos
725 1256 942 1317 redderetrctus

275 1338 383 1417 Brimus
398 1339 433 1400 ad
446 1349 600 1399 extremum
611 1339 711 1399 similis
722 1340 792 1401 sihi:
806 1357 861 1399 non
872 1342 910 1399 ita
922 1338 1040 1417 pridem,

180 1419 255 1486 '255
277 1422 396 1483 Tardior
405 1431 436 1483 ut
447 1424 531 1501 paulo
543 1426 715 1502 graviorque
729 1412 838 1482 veniret
849 1421 884 1481 ad
895 1439 988 1497 aures,

223 1501 428 1583 spondeos
439 1506 575 1566 stabiles
567 1526 595 1565 ιιι
605 1507 666 1565 iura
679 1514 793 1583 patema
805 1506 917 1582 recepit

277 1586 449 1667 Commodus
461 1598 490 1649 et
501 1592 627 1667 patiens,
643 1606 699 1648 non
708 1598 738 1648 ut
750 1589 785 1649 do
795 1588 866 1647 sede
879 1586 1002 1647 secunda

277 1670 401 1733 Cederet
412 1682 459 1733 aut
471 1682 567 1750 quarta
578 1671 744 1731 socialiter..
776 1670 988 1731 HicetinAcci

275 1754 425 1815 Nobilibus
435 1758 567 1816 trimetris
578 1764 696 1833 apparet
705 1772 802 1830 rarus,
818 1762 847 1813 et
860 1754 932 1813 Enni
1067 1755 1090 1834 s

191 1840 255 1901 260
270 1836 308 1898 'ln
320 1836 434 1899 scenam
444 1842 550 1898 missos
562 1857 625 1898 cum
636 1856 737 1915 magno
751 1837 878 1915 pondere
887 1844 988 1896 versus

122 1974 126 1982 ,
160 1928 165 1934 “
274 1920 331 1981 Aut
342 1935 448 1999 operae
460 1921 563 1982 celeris
573 1924 687 1981 nimium
699 1938 823 1999 curaque
838 1922 959 1980 carentis

209 2020 218 2033 ·
274 2003 331 2064 Αιιι
340 2006 487 2081 ignoratae
498 2007 599 2083 premit
609 2006 677 2065 artis
690 2006 805 2064 crimine
815 2006 900 2081 turpi.
956 2017 975 2081 j

273 2085 338 2145 Non
349 2090 442 2165 quivis
452 2088 531 2147 videt
539 2086 719 2147 immodulata
730 2095 864 2164 poemata
875 2086 969 2163 iudex,

273 2167 311 2227 lit
321 2168 384 2227 data
394 2170 528 2229 Romanis
538 2173 623 2229 venia
634 2179 680 2229 est
689 2170 802 2247 indigna
815 2172 921 2246 poetis.

189 2248 253 2324 zos,
272 2248 422 2310 idcircone
432 2269 522 2329 vager
533 2252 712 2329 scribamque
727 2250 867 2311 licenter?
882 2270 917 2311 an
931 2268 1030 2311 omnes

271 2332 391 2393 Visuros
404 2342 521 2412 peccata
532 2344 628 2411 putem
639 2352 720 2411 mea,
739 2343 816 2400 tutus
828 2343 857 2395 et
867 2337 938 2397 intra
988 2383 993 2402 ,

273 2417 360 2494 Spem
370 2418 471 2479 veniae
483 2416 603 2477 cautus?
619 2418 712 2485 vitavi
724 2416 853 2497 denique
859 2417 980 2496 culpam,

157 2545 161 2553 .
271 2499 336 2559 Nou
347 2500 458 2560 laudem
469 2504 569 2561 merui.
591 2502 652 2561 Vos
664 2502 834 2581 exemplaria
850 2499 959 2561 Graeca

272 2582 416 2644 Nocturna
426 2594 539 2644 versate
553 2579 655 2663 mauu,
671 2594 784 2645 versate
798 2585 904 2645 diurna

114 2708 121 2719 ι
188 2665 251 2727 270
271 2666 309 2725 At
318 2670 406 2726 vestrr
420 2684 519 2745 proavi
511 2666 674 2729 Plautinos
687 2678 716 2727 et
728 2684 860 2728 numeros
871 2678 900 2727 et

271 2748 434 2810 laudavere
443 2751 539 2827 sales,
558 2754 672 2812 nimium
684 2754 824 2829 patienter
835 2759 993 2829 utrumque,

186 2886 197 2905 ,
271 2830 316 2891 Ne
328 2832 418 2893 dicam
429 2834 533 2909 stulte,
548 2837 657 2909 mirati,
673 2836 698 2893 si
710 2835 795 2894 modo
806 2852 862 2912 ego
874 2844 966 2894 etvos
1030 2892 1036 2897 ,

251 2930 257 2938 ·
271 2914 382 2974 Scimus
392 2916 556 2976 inurbanum
568 2916 667 2994 lepido
679 2934 821 2993 seponere
833 2917 909 2977 dioto

269 2994 493 3075 legitimumque
504 3016 604 3057 sonum
616 2999 712 3075 digitis
723 2998 858 3059 callemus
869 3010 898 3059 et
909 3016 987 3058 aure.

186 3076 247 3140 275
269 3075 400 3155 ignotum
414 3083 541 3157 tragicae
551 3098 642 3157 geum
655 3082 800 3141 invenisse
811 3079 952 3141 Camenae

269 3159 380 3221 Dicitur
391 3171 420 3222 et
431 3162 562 3240 plaustris
572 3166 689 3223 vexisse
702 3171 834 3242 poemata
845 3164 978 3241 Thespis,
1048 3198 1052 3201 -

270 3243 351 3317 Quae
362 3254 495 3307 canerent
504 3256 680 3325 agerentque
692 3249 820 3325 peruncti
832 3248 960 3307 faecibus
972 3264 1032 3307 ora,
