2525 3942
178 204 259 269 ἰιι
494 162 509 291 J
567 204 785 289 semaluos
846 190 849 199 '
919 221 922 225 ·
975 196 979 201 '
1045 211 1165 289 [sess]
1260 156 1261 159 l

194 368 197 372 ’
269 359 317 421 Ut
326 357 438 433 nudam,
446 363 492 416 'ne
501 374 585 417 erure
595 356 681 433 malo,
696 376 733 417 rre
745 358 782 416 sit
794 354 868 434 pede
879 358 971 435 turpi·

182 501 187 507 ,
279 442 374 503 lletiri
391 441 486 519 possis
500 438 585 500 oeulo
605 439 708 518 latus.
734 439 939 500 Antibimavis

277 525 398 587 Insidias
409 524 470 584 lieri
485 525 663 602 pretiumque
674 522 792 585 avellier
806 532 870 583 ante

196 612 256 674 105
280 606 649 684 Quammereemostendri
652 606 823 687 „Leporem
832 614 960 669 osnotor
971 613 1004 668 ot
1015 607 1080 669 olto

278 692 317 753 ln
329 694 553 768 morereretur,
567 694 698 771 positum
708 694 756 753 oie
760 699 894 769 tompore
905 690 1027 791 ιιοίἑι,“

280 774 379 837 cantat
393 783 423 835 et
436 777 554 853 apponit
574 774 686 852 „Mem
698 780 742 839 esi
763 793 852 837 umor
870 775 943 835 doio
957 763 1079 835 aioaldo:

187 873 192 881 “
888 876 961 919 aram

279 942 530 1019 „Tronsoolotin
539 942 640 1003 medio
646 942 749 1019 posita
761 941 943 1019 etsupieotia
955 942 1094 1019 coptot.“

278 1022 966 1102 lliseirre‘rersieulissperastibiposse'dolores
1253 996 1261 1167 p

194 1115 257 1177 110
276 1110 372 1188 Atque
381 1116 478 1169 aestus
490 1125 630 1185 surasque
641 1124 744 1185 graves
759 1108 907 1185 e'pootore
926 1104 1010 1167 tollii
1063 1130 1066 1143 ¹
1260 1172 1261 1179 χ

277 1192 390 1268 Nonne,
403 1190 581 1269 cupidinibus
593 1199 695 1251 statuat
711 1199 808 1263 natura
822 1190 936 1252 modum
949 1208 1045 1269 quem,

278 1274 354 1350 Quid
364 1274 452 1335 latura
463 1275 526 1334 sibi
527 1274 594 1353 quid
610 1276 648 1335 sit
658 1260 779 1357 dolitura
791 1284 935 1354 negatum,

278 1358 423 1433 Quaerere
436 1358 500 1437 plus
512 1358 630 1436 prodest
642 1360 696 1418 et
687 1377 769 1419 marre
790 1357 957 1419 abscindere
973 1352 1078 1415 soldoi
1166 1386 1171 1397 =

276 1441 364 1519 llum,
382 1442 434 1503 tibi
446 1460 510 1502 eum
520 1442 619 1503 lauces
629 1444 685 1501 urit
695 1444 768 1519 sitis,
784 1460 869 1503 aurea
881 1442 994 1521 quaeris

195 1530 267 1593 115
275 1522 406 1587 Pooulai
421 1544 488 1586 num
498 1526 628 1587 esuriens
639 1526 750 1587 fastidis
762 1528 854 1587 omnia
865 1534 978 1606 praeter

274 1609 416 1671 Pavonem
426 1607 652 1687 rhombumque
674 1608 792 1670 Tument
803 1611 853 1670 trbr
876 1628 939 1670 eum
950 1609 1074 1685 mgurus,
1168 1614 1172 1621 '

836 1713 901 1755 uum
933 1694 957 1753 si

275 1770 387 1838 Auoilla
397 1785 445 1838 aut
454 1794 542 1838 verua
553 1786 599 1838 est
609 1787 725 1856 praesto
738 1795 818 1856 puer,
830 1738 974 1855 impelus
966 1795 994 1835 m
1006 1793 1089 1874 quem

276 1858 418 1924 Continuo
433 1862 490 1939 liat,
503 1860 583 1923 malis
597 1864 734 1940 tentigine
747 1858 860 1938 rumpi?

274 1943 339 2005 Non
358 1962 434 2023 ego:
459 1964 581 2024 namque
604 1945 756 2022 parabilem
778 1960 840 2002 amo
856 1936 992 2002 venerem
1007 1942 1076 2003 faoi·

831 2026 956 2103 lemque.
1042 2048 1047 2054 ·

191 2115 254 2180 120
276 2110 357 2175 Illam
379 2112 472 2191 „Post
493 2110 614 2190 paullo“
627 2154 639 2169 .
651 2154 658 2169 .
672 2132 694 2179 .;
721 2108 805 2187 „Sed
827 2109 939 2187 ιιΙιιιίιιι
953 2154 961 2169 .
975 2154 982 2171 .
995 2134 1018 2181 .;
1044 2113 1074 2173 Si

701 2196 802 2253 exierit
812 2196 892 2270 vir,“
904 2236 912 2252 .
926 2237 934 2252 .
948 2238 955 2253 .

274 2278 373 2357 Gallis,
385 2280 458 2339 haue
468 2276 650 2339 Philodemus
663 2277 702 2337 ait
712 2276 778 2353 sibi,
792 2295 866 2355 quae
876 2294 1084 2357 nequemapuo
1128 2326 1140 2349 .

191 2395 195 2407 ι
274 2364 337 2441 Stet
347 2364 439 2441 pretio
451 2378 546 2439 neque
561 2368 719 2439 cunctetur,
726 2379 797 2421 eum
809 2370 853 2422 est
864 2363 942 2422 iussa
953 2364 1060 2423 venire.

275 2444 399 2514 Candida
409 2453 547 2523 rectaque
569 2446 621 2521 sit,
645 2444 747 2507 munda
757 2445 914 2523 hacteuus
938 2454 970 2507 ut
980 2464 1074 2526 neque

870 2530 919 2590 lon

20 2674 26 2681 ,
110 2678 150 2691 ι,
271 2609 435 2691 Neomagrs
445 2606 510 2674 olba
519 2612 606 2689 seht,
619 2630 703 2692 qoam
714 2613 877 2689 dematura,
889 2548 991 2674 ιιιῗὲιι
1039 2584 1048 2613 l

188 2702 250 2765 125
271 2694 362 2772 Haeo,
374 2696 423 2756 ubi
438 2699 591 2776 supposuit
601 2697 702 2758 dextro
715 2713 820 2774 eorpus
831 2698 897 2758 milri
909 2697 1030 2773 laevum,

271 2778 324 2840 llia
335 2789 365 2841 et
374 2779 480 2859 Egeria
492 2790 555 2853 est;
572 2780 610 2841 do
621 2798 724 2849 nomeu
736 2779 882 2857 quodlibet
893 2780 944 2854 illi,
961 2830 969 2843 ,

272 2861 335 2924 Neo
345 2881 459 2941 vereor,
472 2883 521 2941 ne,
539 2865 604 2925 dum
623 2866 715 2939 iutuo,
727 2864 771 2920 vir
781 2879 847 2920 rure
858 2870 994 2939 recurrat,

175 2950 181 2954 ’
271 2946 358 3009 lanua
368 2947 523 3025 frangatur,
536 2948 620 3007 latret
630 2947 719 3021 oanis,
733 2942 858 3021 undique
867 2962 970 3025 magno

271 3030 354 3090 Pulsa
366 3030 467 3089 domus
479 3031 599 3107 strepitu
609 3036 736 3105 resonet,
749 3027 892 3107 vepallida
903 3029 979 3091 leuto

187 3116 250 3179 180
269 3111 956 3193 Desiliatmulier‚miseramseoonsoiaolamet‚
1041 3155 1054 3177 s

272 3193 408 3255 cruribus
419 3193 491 3257 lraeo
502 3205 626 3276 metuat,
642 3196 701 3259 doti
713 3196 864 3277 deprensa,
878 3208 993 3279 egomet
1006 3199 1053 3258 mi

270 3276 418 3343 Diseiusta
428 3280 524 3344 tuuio'a
534 3242 699 3363 iupielrdum
712 3291 757 3347 est
766 3301 801 3345 ao
812 3284 888 3362 pede
898 3284 984 3361 rrudo,
