2525 3942
173 217 259 263 XLIV
302 178 305 182 ·
474 217 521 264 Du
544 219 631 283 VITA·
648 218 693 281 mu
715 217 869 265 SCRIPTIS
960 269 973 287 Ι
1051 261 1063 275 χ

173 391 243 429 mem
259 375 432 445 diligentiam
454 382 489 432 et
501 393 609 445 curam,
636 392 767 430 summum
788 351 901 430 acumen
924 382 958 431 et
974 376 1165 447 subtilitatem,

173 451 332 528 tantumque
349 461 497 530 eloquendi
517 460 652 527 nitorem,
673 466 703 513 ut
718 459 743 514 si
760 459 827 528 quid
842 459 916 514 desit
930 476 1021 514 rerum
1036 461 1165 516 varietati

173 555 322 610 earumque
339 537 447 598 vividis
463 542 623 612 coloribus,
642 542 671 597 id
686 541 821 640 orationis
837 558 941 611 genere
957 543 1036 613 gravi
1060 549 1088 597 et
1108 560 1166 599 ma·
1251 590 1252 609 ,

119 623 122 630 ’
175 621 277 691 gallico
293 631 497 696 compensetur
1251 612 1252 643 ³

257 704 299 760 Ex
315 709 433 778 epistola
455 709 490 764 ad
505 708 619 764 Pisones
634 713 686 766 268
701 723 761 779 seq.
779 707 993 778 cognoscimus,
1012 708 1165 778 Horatium,

173 797 254 856 quern
270 787 384 845 Ovidius
399 791 481 846 Trist.
499 792 546 861 lV,
558 798 601 859 10,
613 795 647 849 49
660 805 835 844 numerosum
847 791 1001 860 praedicat,
1015 791 1163 848 liberiores
1218 812 1226 833 ι

174 876 202 924 et
220 871 366 942 rudiores,
389 874 488 945 quibus
507 873 611 943 antiqui
627 874 783 928 Latinorum
799 879 898 944 poetae
914 873 958 928 usi
976 875 1048 941 sint,
1070 891 1159 929 nurne

173 969 221 1008 ros
238 955 429 1026 vituperasse,
452 972 606 1027 versusque
630 956 665 1011 ad
686 955 854 1027 exemplaria
870 955 974 1011 Graeca
996 972 1164 1028 componen-

72 1075 75 1080 -
116 1040 122 1047 '
170 1037 226 1097 dos
242 1039 382 1094 statuisse
416 1041 480 1111 lpse
497 1045 579 1130 pocta
595 1045 695 1109 quanta
710 1055 775 1094 cura
795 1043 951 1108 quantoque
967 1039 1060 1094 studio
1077 1039 1164 1095 Grae

174 1134 270 1174 corum
292 1123 385 1176 modos
408 1122 530 1180 imitatus
552 1109 589 1178 sit
610 1122 784 1192 <fidibusque
797 1117 899 1176 Latinis
920 1122 1090 1192 aptav'erit',
1112 1140 1164 1178 no

132 1233 134 1250 ι
172 1209 237 1256 runt
252 1217 375 1338 Yomnes,
409 1206 455 1276 qui
487 1197 644 1262 accuratius
673 1211 778 1261 artem
794 1204 933 1275 metricam
965 1211 1162 1266 tractaverunt.

173 1277 266 1348 Quid?
289 1287 363 1356 quod
377 1287 519 1344 Horatium
534 1289 735 1344 accuratiorem
758 1294 786 1342 et
801 1287 973 1344 severiorem
991 1304 1070 1358 qnam
1085 1290 1164 1361 ipsos

174 1365 296 1424 Graecos
308 1376 418 1440 poetas,
429 1371 562 1427 Alcaeum
573 1367 805 1427 etdrclrilocbum
816 1376 844 1424 et
854 1376 966 1440 praeter
977 1388 1027 1428 eos
1036 1372 1165 1444 Sappho·

100 1495 103 1502 ,
153 1461 234 1504 ‘nem
248 1452 358 1507 fuisse
351 1471 380 1508 ιιι
395 1455 515 1510 numeris
531 1461 559 1509 et
573 1454 775 1510 constituendis
787 1461 815 1509 et
830 1453 967 1522 eligendis
984 1456 1162 1510 contendunt

172 1531 232 1587 Noa
249 1535 321 1588 enim
341 1541 445 1594 temere
464 1554 498 1593 eo
520 1545 608 1593 metro
629 1555 696 1594 usus
714 1544 773 1607 est,
796 1536 871 1608 quod
891 1543 938 1591 aut
959 1538 1119 1592 facillimum
1137 1539 1164 1594 ei

171 1615 314 1672 videretur
330 1626 378 1675 aut
393 1627 469 1676 esset
481 1620 705 1691 usitatissimum,
727 1621 778 1676 sed
794 1621 854 1675 lere
871 1619 985 1707 ubique
991 1620 1019 1675 id
1032 1621 1112 1690 egit,
1134 1627 1164 1676 nt

172 1705 309 1756 concentu
321 1704 399 1758 metri
413 1711 440 1759 et
456 1705 608 1775 argumenti
626 1722 674 1774 ea,
690 1721 761 1775 quae
776 1696 937 1770 sentiebat,
948 1703 1050 1774 optime
1067 1704 1164 1774 expri-

172 1788 321 1840 merentur.
372 1785 468 1858 ltaque
490 1794 577 1842 metro
598 1787 733 1857 Alcaico,
761 1786 862 1856 quippe
889 1785 963 1854 quod
988 1802 1164 1841 numerorum

172 1867 307 1935 quandam
323 1871 487 1940 gravitatem
503 1871 620 1939 hebeat,
643 1871 729 1936 utitur
744 1875 842 1940 poeta,
862 1867 910 1921 ubi
927 1867 1055 1936 exsurgit
1076 1870 1161 1926 altius

171 1949 353 2022 sublimisque
374 1953 462 2008 lentur
483 1959 530 2008 aut
551 1953 676 2027 graviter
692 1952 840 2026 admonens
862 1955 909 2004 aut
931 1949 1068 2005 clarorum
1085 1953 1163 2008 virc-

171 2047 231 2086 rum
248 2033 365 2090 virtutes
387 2036 533 2090 celebrans
558 2040 668 2089 autres
690 2033 765 2088 bello
787 2027 882 2102 ges'tas
903 2031 1066 2088 describens
1088 2031 1162 2108 (vid.
1221 2106 1225 2113 1

172 2109 195 2181 1,
209 2118 234 2171 c.
252 2121 294 2172 ιι.
312 2121 353 2174 ιι.
370 2121 412 2176 30.
430 2122 472 2176 37.
490 2117 526 2185 11,
542 2123 566 2174 1.
584 2123 609 2174 a.
625 2120 651 2174 v.
669 2114 989 2183 14.1u,‘1-o.¹1V,4.
1007 2111 1163 2188 14)‚srr0.
1180 2110 1187 2120 “

172 2195 226 2265 pha
242 2195 445 2269 Asclepiaden,
464 2199 605 2270 aptissima
622 2198 657 2254 ad
673 2197 878 2269 exprimendam
896 2198 977 2252 animi
994 2199 1162 2256 anxietatem
1251 2192 1252 2225 l

172 2283 255 2348 atque
268 2280 346 2350 iram,
364 2282 583 2351 quotiescunque
598 2298 641 2350 ea,
659 2296 728 2350 quae
742 2279 878 2350 adipsum
893 2281 1007 2352 proprie
1022 2284 1164 2352 pertinent

172 2377 327 2452 sensusqpe
344 2369 372 2418 et
386 2363 501 2420 allectus
516 2364 581 2419 inde
598 2364 742 2436 proiectos
758 2363 912 2434 eloquitur,
929 2363 991 2418 dum
1004 2364 1162 2436 Sapphiccs
1221 2381 1227 2390 ¹
1251 2364 1252 2367 ’

172 2459 270 2501 versus
288 2437 475 2503 accommodat
485 2447 658 2518 potissimum
671 2447 705 2502 ad
716 2448 834 2526 hymnos
849 2453 877 2500 et
891 2462 923 2501 ea
937 2447 1072 2518 carmina,
1089 2465 1162 2519 quae

173 2525 208 2580 ad
232 2529 339 2599 epicum
365 2546 453 2600 genus
474 2529 585 2604 dicendi
615 2529 814 2602 quodammodo
839 2530 974 2585 accedunt
991 2526 1094 2603 (ct,
1065 2532 1080 2586 l
1116 2541 1160 2591 10.
1251 2522 1252 2585 J

111 2656 116 2668 .
173 2613 214 2666 lt.
231 2616 272 2668 21.
292 2618 334 2670 22
350 2619 393 2673 32.
410 2614 451 2683 ll,
467 2597 508 2671 10
525 2618 567 2672 16
583 2613 668 2682 tvm
651 2608 697 2686 2)
738 2608 883 2667 Omnino
874 2628 903 2666 ιιι
927 2573 1094 2670 carminibus
1116 2616 1162 2685 lv·
1251 2614 1252 2621 ’

171 2691 239 2752 riuis
268 2702 350 2766 atque
378 2654 482 2768 Epodis
508 2697 578 2752 haec
610 2702 696 2751 metra
723 2695 864 2764 adhibuit,
898 2700 1012 2765 qnorum
1041 2699 1162 2754 tironum

173 2790 270 2833 caussa
287 2779 399 2836 brevem
414 2784 592 2851 conspectum
611 2778 798 2847 subjiciamus.
