2525 3942
80 187 232 309 [opaea]
438 232 577 293 amun
594 232 632 291 n.
671 207 675 213 ’

78 380 116 439 Et
126 384 257 441 iuvenum
268 384 323 441 ritu
334 382 437 442 florent
447 384 533 444 modo
544 393 608 443 nata
618 384 784 461 vigentque.

78 463 316 524 Debemurmorti
327 483 380 525 nos
392 476 556 545 nostraque.
582 467 650 526 Sive
661 476 796 543 receptus

79 544 165 604 'l'erra
176 544 326 624 Neptunus
339 548 447 609 classes
459 550 648 629 Aquilonibus
660 559 749 624 arcet,

78 628 169 705 Regis
181 643 272 706 opus,
289 631 451 710 sterilisque
466 634 513 692 diu
525 632 606 710 palus
617 642 740 711 aptaque
751 635 836 693 remis

78 710 193 770 Vicinos
204 713 290 771 urbes
305 714 355 774 alit
367 723 395 773 et
405 733 494 791 grave
505 717 590 774 sentit
600 725 732 790 aratrum,

79 794 137 852 Seu
150 798 390 875 consumimutavit
401 799 526 875 iniquum
537 798 667 874 frugibus
679 801 778 874 amnis,

76 877 188 935 Doctus
205 880 261 938 iter
270 879 387 948 melius;
404 881 532 939 mortalia
543 881 617 940 lacta
628 882 774 958 peribunt:

74 958 188 1017 Nedum
208 979 369 1021 sermonum
379 972 435 1023 stet
445 965 537 1023 honos
549 972 578 1021 et
588 966 678 1039 gratia
689 965 782 1023 vivax.

76 1040 165 1101 lllulta
176 1054 360 1104 renascentur
371 1064 443 1123 quae
455 1048 509 1105 iam
519 1046 671 1121 cecidere,
691 1046 851 1123 cadentque

78 1124 159 1197 Quae
171 1145 245 1186 nunc
257 1123 321 1186 sunt
334 1130 361 1186 in
373 1129 483 1188 honore
497 1127 652 1204 vocabula,
670 1130 695 1186 si
706 1128 785 1188 volet
796 1148 875 1205 usus,

78 1207 170 1279 Quem
182 1200 272 1287 perles
283 1211 426 1271 arbitrium
438 1221 483 1271 est
494 1214 577 1272 etius
589 1220 618 1269 et
628 1229 725 1270 norrna
737 1211 882 1288 loquendi.
981 1199 986 1219 ³

76 1291 137 1350 Res
148 1302 250 1369 gestae
260 1312 419 1371 regumque
429 1294 589 1372 ducumque
600 1303 628 1352 ct
643 1295 733 1353 tristia
744 1293 820 1353 bella

50 1448 58 1457 ⁶
79 1374 144 1446 Quo
157 1376 245 1435 scribi
261 1355 527 1453 possentfflmero,
542 1378 707 1440 monstravit
718 1375 868 1435 Homerus.

75 1457 216 1517 Versibus
227 1460 372 1536 impariter
383 1460 487 1517 iunctis
498 1460 674 1535 querimonia
684 1460 812 1534 primum,

76 1539 145 1599 Post
157 1542 241 1599 etiarn
251 1541 360 1600 inclusa
372 1550 416 1599 est
426 1543 486 1601 voti
500 1542 638 1600 sententia
650 1552 784 1617 compos;

78 1622 150 1695 Quis
160 1632 254 1683 tamen
269 1626 390 1701 exiguos
398 1624 503 1701 elegos
518 1624 643 1683 emiserit
654 1631 762 1699 auctor,

78 1703 256 1766 Grammatici
267 1715 376 1766 certant
386 1716 416 1765 et
426 1707 518 1766 adhuc
528 1706 581 1765 sub
593 1704 687 1765 iudice
698 1705 799 1765 lis-est.
866 1772 870 1777 ³

76 1787 279 1848 Archilochum
292 1792 409 1867 proprio
423 1790 516 1848 rabies
529 1790 645 1848 armavit
657 1788 765 1847 iambo:
813 1815 828 1825 ·

75 1869 156 1929 Hunc
170 1874 250 1930 socci
262 1889 368 1949 cepere
380 1872 483 1949 pedem
493 1870 674 1949 grandesque
686 1872 837 1947 cothurni„

74 1951 200 2013 Alternis
213 1963 309 2031 aptum
319 1954 496 2014 sermonibus
507 1963 537 2013 et
549 1954 702 2031 populares

16 2060 23 2068 ·
73 2034 242 2096 Vincentem
252 2039 386 2113 strepitus
399 2047 428 2097 et
442 2045 535 2097 natum
544 2037 631 2096 rebus
643 2036 771 2114 agendis.
841 2101 846 2109 J

75 2117 156 2177 Musa
170 2118 247 2178 dedit
258 2119 359 2179 fidibus
371 2119 453 2179 divos
465 2137 629 2197 puerosque
637 2120 768 2193 deorum,

74 2200 112 2260 Et
123 2202 248 2279 pugilem
259 2204 396 2262 victorem
408 2213 437 2262 et
448 2222 551 2281 equum
563 2204 715 2262 certamine
727 2204 855 2289 primum,
964 2224 967 2233 ·

74 2282 111 2341 Et
122 2286 254 2343 iuvenum
265 2303 347 2344 curas
359 2295 388 2344 et
398 2285 488 2346 libera
498 2284 695 2346 vha'reterr'e.
892 2358 895 2360 ,

60 2366 241 2443 Descriptus
252 2386 367 2428 servare
377 2371 458 2427 vices
469 2386 645 2446 operumque
657 2366 782 2441 colores,
821 2370 827 2376 “

75 2446 221 2526 Gurego,
243 2453 267 2508 si
278 2468 392 2527 nequeo
404 2454 582 2527 ignoroque,
598 2458 686 2525 poeta
697 2446 825 2509 salutari
895 2480 904 2485 ·
956 2442 963 2454 ‘

75 2528 134 2590 Gur
144 2533 257 2589 nescire
268 2531 377 2608 pudens
390 2549 476 2608 prave
489 2550 572 2608 quam
586 2533 699 2591 discere
710 2528 807 2590 maloi

73 2612 213 2671 Versibus
226 2616 331 2689 exponi
345 2615 461 2689 tragicis
475 2630 524 2671 res
536 2616 645 2671 comica
656 2630 713 2671 non
723 2611 795 2679 vult;

74 2692 239 2771 Indignatur
249 2696 317 2753 item
329 2696 445 2772 privatis
457 2712 491 2753 ac
502 2708 595 2771 prope
606 2709 695 2752 socco
876 2709 878 2711 ·

72 2776 175 2853 Diguis
188 2777 356 2837 carminibus
367 2778 471 2836 narrmi
481 2793 571 2835 coena
585 2776 737 2851 Thyestae.
914 2819 916 2829 .

74 2859 192 2936 Singula
205 2858 678 2937 quaequelocumteneantsortita
690 2857 834 2916 decenter.
863 2925 870 2931 ‚
965 2876 969 2885 ’

72 2940 217 3001 Interdum
227 2950 321 3001 tamen
332 2950 362 3001 et
372 2960 476 3001 vocem
487 2942 637 3001 comoedia
648 2940 736 3017 tollit,x

1 3077 7 3100 ,
72 3023 222 3104 [ratusque
235 3021 372 3084 Chremes
386 3024 493 3084 tumido
505 3024 634 3102 delitigat
645 3042 710 3091 ore;

71 3106 110 3165 Et
120 3109 245 3184 tragicus
257 3107 426 3185 plerumque
441 3106 521 3167 dolet
530 3123 662 3167 sermone
677 3106 805 3183 pedestri
860 3150 863 3153 -

73 3188 218 3266 Telephus
232 3198 261 3267 et
271 3188 392 3267 l’eleu's,
409 3208 473 3249 cum
485 3206 594 3267 pauper
605 3200 634 3249 et
643 3189 727 3270 exsul
740 3185 860 3265 uterque

29 3294 33 3297 ·
71 3269 188 3338 Proiicit
201 3271 339 3349 ampullas
350 3282 379 3331 et
389 3272 601 3349 sesquipedalia
611 3270 709 3346 verbs,
