2525 3942
129 232 281 309 [specs]
535 230 646 293 utana
667 232 704 295 11.

128 384 319 463 Poscentiqne
330 399 445 461 gravem
456 399 599 461 persaepe
611 388 726 447 remittit
737 397 858 466 acutum,

127 469 189 528 Nec
201 486 317 546 semper
326 466 427 541 feriet,
447 466 638 545 quodcunque
649 470 812 549 minabitur,
828 492 920 534 arcus.

125 554 232 613 Verum
243 554 291 611 ubi
304 550 385 629 pluro
396 552 485 610 nitent
495 553 524 610 in
534 554 675 629 carmine,
695 572 751 613 non
763 574 819 633 ego
832 560 929 635 paucis
951 614 967 637 s
1049 566 1067 577 ’“

127 636 262 697 0iiendar
271 634 404 710 maculis,
422 652 493 712 quas
504 643 552 694 aut
562 636 670 695 incuria
682 636 754 697 ludit

125 722 182 780 Ant
193 719 311 779 humana
322 736 419 796 perum
433 720 508 777 cavit
521 727 627 779 natura.
674 721 748 793 Quid
761 740 831 802 ergo
843 720 907 783 esti
925 718 928 727 ’

126 805 163 864 Ut
174 805 298 879 scriptor
308 806 332 861 si
344 809 448 879 peccat
458 801 533 861 idem
543 801 673 863 librarius
687 822 788 883 usque,
958 815 965 819 '

57 938 71 950 e
126 887 262 960 Quamvis
276 887 467 962 estmonitus,
486 888 569 945 venia
580 896 673 957 caret}
687 897 716 947 ut
728 890 906 951 citharoedus
974 931 980 936 -

124 970 258 1046 Ridetnr,
276 970 382 1030 chordo
392 971 441 1047 qui
450 985 567 1046 semper
577 970 692 1031 oberrat
702 972 816 1033 eadem:

124 1056 174 1113 Sic
185 1054 270 1130 milri,
292 1056 341 1131 qui
352 1052 468 1113 multum
480 1062 589 1130 cessat,
607 1055 637 1114 lit
652 1054 802 1115 Choerilus
815 1056 873 1133 ille,

123 1137 216 1211 Quem
226 1138 271 1196 bis
293 1147 375 1197 terve
388 1138 500 1210 bonum
512 1155 576 1196 cum
588 1140 647 1198 risu
659 1141 760 1216 miror,
778 1149 807 1199 et
822 1140 895 1201 idem
996 1164 1000 1171 ·

122 1220 258 1300 Indignor
273 1220 443 1300 quandoque
454 1221 545 1280 bonus
557 1220 688 1282 dormitat
698 1222 848 1283 llcmerus.
909 1217 913 1230 “

123 1306 227 1365 Verum
239 1308 320 1382 operi
331 1304 420 1381 longo
432 1306 474 1376 ios
487 1314 531 1364 est
542 1305 685 1383 obrepere
697 1323 835 1366 somnum.

15 1393 18 1395 ’
108 1388 160 1458 ¹llt
171 1392 295 1465 pictura,
311 1390 425 1464 poesis:
438 1390 491 1446 erit
502 1406 591 1465 quae,
611 1392 636 1447 si
650 1392 767 1467 propius
779 1398 849 1465 stes,

122 1471 164 1531 'le
176 1474 270 1549 capiat
280 1472 386 1547 magis,
408 1480 436 1529 ct
447 1469 600 1548 quaedam,
616 1474 641 1529 si
653 1472 766 1549 longius
781 1472 887 1532 abstes.

122 1554 201 1615 llaec
211 1562 284 1614 amat
296 1554 461 1623 obscurom;
475 1554 554 1613 volet
564 1556 636 1613 baec
648 1556 700 1614 sub
712 1553 776 1613 luce
788 1554 888 1631 videri,
943 1573 946 1576 “

122 1637 808 1718 lodicisargntumquaenoniormidatacumen;
996 1700 1001 1707 ,

123 1722 200 1782 llaec
211 1722 318 1801 placuit
328 1722 435 1799 semel,
451 1722 523 1781 haec
534 1720 632 1781 decies
644 1723 763 1799 repetita
775 1720 908 1800 placebit.
1016 1758 1019 1765 =

122 1806 146 1866 0
157 1809 247 1867 maior
257 1808 404 1880 iuvenum,
422 1805 549 1884 quamvis
561 1813 591 1865 et
603 1822 677 1865 voce
689 1812 805 1883 patema

121 1890 251 1968 Fingeris
262 1889 298 1951 ad
308 1899 417 1949 rectum
429 1898 459 1949 et
469 1907 523 1966 per
533 1898 561 1949 te
573 1891 668 1967 sapis,
685 1890 741 1949 hoc
752 1889 802 1948 tibi
815 1888 918 1948 dictum

91 2024 94 2032 .
120 1970 202 2034 Tolle
213 1992 336 2035 memor:
353 1974 439 2033 certis
449 1972 571 2035 medium
582 1982 611 2033 et
622 1970 771 2033 tolerabile
783 1972 867 2033 rebus

115 2059 212 2117 ilecte
223 2058 343 2118 concedi
355 2090 366 2100 ·
379 2056 525 2117 consultus
536 2058 605 2117 iuris
617 2066 646 2117 et
657 2066 737 2117 actor

120 2140 274 2202 Causarum
285 2141 438 2201 mediocris
450 2142 533 2201 abest
542 2142 646 2201 virtute
658 2139 756 2201 diserti
773 2174 776 2179 ,
849 2146 860 2153 “

118 2224 278 2303 Messalae,
298 2242 353 2285 nec
364 2226 419 2285 scii
430 2234 561 2303 quantum
574 2222 733 2285 Cascellius
744 2221 844 2299 Aulus,

118 2309 177 2370 Sed
188 2308 319 2370 tamenin
330 2310 423 2388 pretio
436 2318 481 2368 est
491 2331 518 2377 -;
533 2308 725 2368 mediocribus
738 2322 805 2365 esse
817 2308 911 2383 potitis

117 2393 337 2470 Noobomioes,
357 2410 415 2453 non
426 2392 469 2469 di,
485 2407 542 2452 non
551 2408 724 2452 concessere
737 2388 894 2449 columnae.
976 2394 979 2397 “

117 2478 155 2537 Ut
165 2487 260 2555 gratas
271 2480 344 2551 inter
354 2494 466 2534 mensas
481 2476 648 2552 symphonia
660 2474 771 2534 discors

1 2563 2 2590 ³
117 2560 155 2620 Et
166 2577 293 2619 crassum
307 2566 480 2635 unguentum
491 2566 520 2615 et
531 2557 621 2617 Sardo
634 2576 698 2616 cum
708 2554 794 2615 melle
807 2571 932 2633 papaver

116 2642 284 2717 Oiiendunt,
306 2647 416 2719 poteret
427 2640 492 2699 duci
504 2642 570 2718 quia
578 2657 669 2699 coena
681 2642 743 2698 sine
758 2639 834 2697 istis:

22 2763 26 2768 =
117 2726 167 2787 Sic
181 2727 280 2785 animis
291 2732 384 2784 nanim
395 2725 594 2802 inventumque
605 2729 709 2800 poema
721 2720 859 2798 iuvandis,

117 2812 148 2870 st
161 2810 273 2888 paulum
284 2823 394 2868 summo
408 2806 550 2882 decessit,
568 2808 661 2884 vergit
675 2805 710 2865 ad
723 2806 815 2864 imum.

116 2894 226 2955 Ludere
238 2894 285 2973 qui
297 2892 404 2967 nescit,
420 2890 625 2968 campestribus
639 2890 761 2949 abstinet
772 2888 866 2965 armis,

1 3019 2 3048 r
114 2978 307 3055 Indoctnsque
320 2974 396 3055 pilae
407 2974 516 3034 discive
530 2974 658 3034 trochive
670 2973 802 3051 quiescit,

1 3134 7 3144 ¹
113 3062 160 3123 Ne
171 3064 284 3141 spissae
294 3062 381 3120 risum
392 3057 491 3118 tollant
504 3059 618 3137 impune
630 3072 770 3116 coronae:

1 3155 2 3172 ²
114 3146 172 3220 Qui
183 3147 275 3205 nescit
294 3158 394 3202 versus
416 3151 509 3201 tamen
519 3140 605 3202 audet
615 3135 744 3218 lingere?
767 3142 787 3209 9
798 3135 923 3211 Quidni
980 3176 982 3181 ,

113 3230 199 3292 biber
209 3237 238 3289 et
248 3230 407 3305 ingenuus,
424 3228 590 3303 praesertim
600 3242 704 3285 census
716 3230 879 3302 equestrem

102 3315 255 3391 ,Summam
266 3326 453 3387 nummorum,
473 3312 600 3389 vitioque
611 3317 736 3370 remotus
748 3306 783 3366 ab
795 3306 927 3435 omniu*
