2525 3942
2 603 3 610 ,
108 546 185 607 Dixit
196 547 288 606 adhuc
300 545 427 634 aliquid?
447 548 520 624 „Nil
530 552 635 609 sane.“
657 549 733 623 Quid
744 550 839 627 placet
849 549 941 628 ergol
1069 600 1073 607 .

2 661 4 780 l

109 234 257 312 [umen]
499 232 610 295 uranu
629 233 667 294 11.

17 428 27 445 .
108 381 288 459 Divitiaeqoe
302 384 493 461 peregrinae,
503 384 606 461 quibos
619 383 724 445 oblitus
735 376 815 445 actor

110 462 179 523 cum
192 467 272 524 stetit
283 467 311 525 in
322 483 425 541 scena,
442 469 585 528 concurrit
597 466 714 528 dextera
728 467 837 527 laevae.

108 628 205 705 „Lana
216 629 369 689 Tarentino
380 629 471 691 violas
482 634 588 691 imitata
597 637 755 693 veneno.“‘

108 713 150 770 Ac
160 731 197 771 ne
208 713 282 771 iorte
295 722 378 790 putes
389 731 450 788 me,
464 732 538 791 quae
548 714 647 775 iacere
658 718 722 793 ipse
737 734 878 793 recusem,

109 792 179 853 Cum
190 803 270 853 recto
280 804 400 868 tractent
411 795 474 872 alii,
493 796 755 876 lauderemaligne:

108 877 160 935 llle
174 894 226 954 per
237 886 380 937 extentum
391 878 486 938 funem
499 880 567 940 milri
578 898 669 958 posse
680 882 792 942 videtur

108 959 152 1019 lre
166 968 269 1037 poeta,
286 979 379 1020 meum
391 963 440 1039 qui
452 971 553 1040 peetus
564 964 684 1025 inaniter
693 967 780 1043 angit,
829 964 831 969 ’

107 1041 212 1119 Inritat,
230 1044 349 1120 mulcet,
363 1044 443 1105 lalsis
455 1047 612 1107 terroribus
622 1046 732 1125 implet,

107 1126 143 1185 Ut
152 1144 267 1203 magus,
284 1136 313 1186 et
324 1127 408 1187 modo
424 1146 470 1187 me
482 1128 587 1192 Thebis
598 1130 683 1191 modo
696 1126 776 1209 ponit
785 1130 916 1191 Athenis.

106 1209 210 1268 Verum
223 1227 278 1286 age
288 1219 317 1288 et
329 1212 391 1287 nis,
410 1214 458 1289 qui
473 1230 506 1273 se
517 1212 619 1273 lectori
630 1214 750 1274 credere
764 1212 869 1287 malunt

107 1291 198 1363 Quam
211 1296 383 1369 spectatoris
393 1293 505 1355 fastidia
515 1295 592 1356 ferre
603 1297 732 1375 superbi,

108 1374 208 1433 Curam
220 1374 309 1433 redde
320 1376 455 1451 brevem,
475 1379 500 1437 si
513 1396 614 1438 munus
624 1378 759 1457 Apolline
770 1379 884 1456 dignum

77 1457 80 1467 “
106 1457 156 1515 Vis
170 1456 317 1532 complere
327 1456 408 1516 libris
422 1468 452 1517 et
465 1460 577 1519 vatibus
589 1456 693 1521 addere
706 1462 809 1537 calcor,

106 1539 143 1597 Ut
153 1538 247 1597 studio
261 1540 368 1600 maiore
380 1549 476 1617 petant
486 1540 624 1603 llelicona
635 1544 782 1603 virentem:
837 1610 839 1615 ,

67 1678 70 1685 .
104 1620 192 1681 ldulta
204 1621 317 1698 quidem
327 1623 410 1682 nohis
420 1624 539 1683 iacintus
549 1624 622 1685 mala
634 1642 723 1703 saepe
734 1632 850 1704 poetae,
863 1657 875 1669 ·

105 1704 143 1764 Ut
153 1706 247 1765 vineta
259 1716 375 1782 egomet
385 1705 500 1766 caedam
511 1723 590 1783 mea,
603 1742 616 1750 -
628 1725 692 1768 curn
702 1710 752 1769 tibi
763 1708 864 1768 librum
939 1758 944 1779 ,
990 1738 992 1755 ·

106 1788 236 1849 Sollicito
250 1787 348 1848 damus
362 1799 409 1849 aut
418 1789 513 1858 iesso;
528 1808 592 1849 eum
602 1791 751 1868 laedimur,
764 1809 848 1852 unum
870 1868 872 1876 ,

106 1872 137 1930 Si
153 1874 217 1949 quis
228 1873 380 1941 amicorum
392 1882 437 1935 est
447 1891 533 1932 ausus
540 1874 756 1951 reprehendere
767 1892 893 1942 versum;

104 1953 176 2015 Com
187 1954 251 2030 loca
263 1956 317 2014 iam
327 1951 445 2027 recitata
456 1956 629 2017 revolvimus
641 1960 810 2026 irrevocati;

105 2036 177 2098 Gum
189 2033 387 2115 lamentamur,
403 2057 460 2100 non
471 2058 609 2118 apparare
622 2039 737 2103 labores

104 2119 226 2181 Nostros
239 2130 267 2179 et
280 2123 355 2180 tenui
367 2122 488 2201 deducta
500 2130 631 2202 poemata
642 2124 705 2194 lilo;
825 2174 829 2179 .
940 2108 946 2114 ’
1054 2144 1056 2154 ·

105 2202 175 2263 Cum
189 2221 336 2281 speramus
349 2222 385 2265 eo
396 2226 456 2267 rem
469 2217 633 2285 venturam,
649 2218 695 2285 ut,
712 2207 890 2287 simulatque

104 2285 232 2347 carmina
243 2290 377 2349 rescieris
387 2308 442 2350 nos
452 2291 578 2369 lirrgere,
597 2291 762 2352 commodus
774 2292 848 2353 ultro

102 2370 242 2430 Arcessas
253 2380 282 2431 et
293 2389 381 2449 egere
391 2384 473 2434 uetes
484 2384 513 2434 et
524 2375 652 2436 scribere
662 2392 761 2453 cogas.

103 2452 163 2512 Sed
175 2463 267 2512 tamen
278 2463 323 2513 est
334 2471 441 2532 operae
453 2460 573 2534 pretium
587 2475 782 2534 cognoscere,
801 2455 901 2535 quales

102 2534 240 2594 Aeditoos
252 2536 354 2595 habeat
364 2538 432 2597 belli
444 2548 571 2616 spectata
582 2538 716 2616 domique

101 2618 217 2693 Virtus,
234 2615 349 2694 indigno
361 2635 418 2679 non
429 2621 627 2681 committenda
638 2629 753 2698 poetae.
820 2690 826 2703 Ι

103 2699 204 2759 Gratus
215 2698 377 2760 Alexandro
388 2704 451 2780 regi
461 2702 564 2779 Magno
578 2702 632 2763 luit
643 2702 692 2762 ille

101 2781 270 2859 Choerilus,
286 2783 399 2843 incultis
412 2788 459 2864 qui
471 2787 602 2847 versibus
615 2795 644 2845 et
654 2784 727 2845 male
738 2785 810 2847 natis
857 2856 863 2867 f

100 2864 209 2925 Retulit
220 2875 376 2943 acceptos,
396 2869 495 2946 regale
506 2870 660 2947 nomisma,
677 2867 834 2946 Philippos.

82 2945 84 2948 ’
99 2948 159 3008 Sed
168 2947 257 3007 veluti
270 2957 386 3010 tractata
396 2961 491 3012 notam
505 2952 656 3030 labemque
668 2953 811 3013 remittunt

98 3030 279 3107 Atramenta,
295 3032 524 3113 lere-scriptores
536 3038 659 3094 carmine
670 3034 757 3094 ioedo

98 3113 254 3191 Splendida
265 3114 340 3174 lacta
351 3116 448 3177 linunt.
471 3116 549 3177 Idem
559 3136 611 3178 rex
621 3117 687 3193 ille,
704 3125 806 3195 poema

91 3197 155 3269 ¹Qui
167 3205 223 3256 tam
233 3196 381 3258 ridiculum
392 3208 447 3259 tam
459 3218 525 3260 care
536 3201 672 3278 prodigus
689 3202 766 3278 emit,

92 3278 201 3339 Edicto
213 3281 320 3357 vetuit,
337 3300 374 3341 ne
386 3285 450 3360 quis
462 3300 495 3343 se
509 3292 623 3360 praeter
633 3282 766 3361 Apellem

129 3369 287 3413 nonestus.
372 3387 376 3395 ·
731 3371 739 3386 ¹
834 3364 866 3416 16
935 3410 942 3425 ,
