2525 3942
167 202 231 267 aso
532 164 793 260 ιιιιιοιιιιιιιι
965 198 1067 275 [ιρι.
1088 204 1147 279 ιι]
1257 158 1258 169 ³

253 351 479 427 conticuitlyrn
501 348 783 411 llratemiseessisse
798 358 911 430 putatur
1174 386 1182 409 .
1255 334 1258 429 4

251 435 380 496 llorihus
391 434 550 512 Amphion:
564 440 595 492 tu
607 432 680 492 eade
691 436 817 512 potentis
831 434 914 493 amici
1022 451 1026 455 ’

188 519 230 583 lh
250 518 373 579 lenibus
385 518 527 595 imperiis,
540 517 714 595 quotiesque
725 517 829 583 eduoat
840 515 868 576 in
878 534 966 594 agros
1093 536 1098 543 ¹

188 624 193 632 ·
226 654 233 665 ,
251 601 363 662 Aetolis
375 608 490 661 onerata
502 598 595 679 plagis
606 600 729 660 iumenta
740 618 894 679 canesque,

252 684 344 762 Surge
357 695 385 744 et
397 684 561 744 inhumanae
571 684 681 742 senium
692 682 805 761 depone
817 682 969 759 Camenae,

252 766 366 828 coenes
377 776 409 827 ut
422 767 528 845 pariter
537 764 679 865 pulmenta
690 766 833 827 laboribus
847 774 934 826 emtas:
1001 769 1015 791 ³
1030 820 1034 827 f

252 849 720 927 Romanissolleranevirisopus,
737 849 909 910 utileiaruae
989 876 996 885 ·

189 938 231 999 60
252 935 393 1013 Vrtaeque
403 942 433 993 et
442 932 575 993 memhrrs
583 935 778 1009 ,praesertim
790 952 853 992 eum
864 932 961 992 valeas
972 940 1001 991 et

249 1017 305 1077 Vel
319 1036 403 1078 eursu
414 1034 550 1095 superare
561 1033 661 1075 oaueru
673 1012 718 1075 ιιι
730 1016 837 1076 viribus
848 1034 945 1094 aprum
1020 1090 1024 1097 Α

250 1101 359 1162 Ροιιιι.
383 1100 465 1162 Adde
475 1099 567 1159 virilia
580 1099 657 1179 quod
668 1101 832 1175 speciosius
845 1118 920 1160 arma

215 1185 316 1245 Non
328 1185 431 1262 estqui
444 1190 559 1243 traetet:
574 1185 648 1259 seis,
667 1198 724 1262 quo
738 1182 862 1247 elamore
875 1199 998 1243 coronae

190 1319 195 1327 .
251 1264 363 1327 Proelia
372 1267 515 1325 sustineas
527 1268 710 1342 campestria:
731 1265 853 1345 denique
864 1284 977 1327 saevam
1069 1341 1072 1345 Ι
1121 1328 1127 1336 ,

108 1384 115 1391 -
183 1357 229 1420 ‚65
251 1348 378 1411 llilitiam
389 1355 502 1426 pueret
516 1345 683 1408 Cantabrica
694 1348 770 1410 bella
781 1350 868 1409 tulisti

252 1433 311 1493 Sub
326 1432 415 1508 duee,
433 1433 481 1510 qui
493 1430 608 1510 templis
619 1429 782 1493 Parthorum
793 1434 873 1510 signa
883 1434 977 1510 religit
1068 1450 1072 1459 ’

253 1515 351 1591 Nune,
368 1523 414 1591 et,
431 1533 456 1574 ιι
448 1514 537 1593 quud
549 1514 649 1591 abest
667 1513 744 1575 Italus
756 1515 895 1577 adrudreat
906 1534 999 1576 armus

252 1601 313 1683 ho,
329 1617 365 1659 ne
377 1607 407 1658 te
418 1599 544 1659 retrahas
556 1607 586 1657 et
596 1598 798 1659 inexcusabilis
812 1599 899 1677 absia,

254 1681 389 1767 Quamvis
399 1680 439 1742 nil
451 1690 528 1742 extra
539 1700 684 1741 numerum
699 1682 805 1743 ieeisse
816 1683 986 1760 modumque

127 1766 136 1781 ‘
191 1770 232 1831 60
253 1760 358 1827 Coras:
374 1764 714 1843 interdumuugarisrure
728 1774 858 1843 patemo;

133 1881 137 1887 ·
250 1849 369 1909 l’artrtur
377 1848 475 1909 luntres
487 1849 647 1923 exereitus,
664 1848 746 1908 Aetia
758 1865 851 1927 pugna
1045 1920 1054 1924 ,

252 1932 293 1995 Τι
305 1932 378 1992 duee
390 1948 442 2008 per
453 1948 559 2009 pueros
572 1931 669 1992 hostili
680 1949 758 1991 more
768 1932 908 2006 heleltur,
927 1939 931 1943 ’

252 2016 438 2076 Adversarius
450 2024 495 2076 est
504 2014 606 2091 frater,
625 2014 705 2075 laous
717 2014 835 2091 Hadria,
855 2014 947 2075 donee

252 2099 424 2158 Alterutrum
438 2097 523 2158 velox
533 2100 653 2160 victoria
665 2099 765 2158 fronde
777 2108 907 2158 eoroneh

191 2185 230 2247 65
254 2181 426 2241 Consentire
433 2181 493 2244 suis
505 2179 606 2240 studiis
617 2180 830 2259 qui'orediderit
841 2191 880 2255 te,

251 2260 355 2325 Fautor
367 2272 487 2339 utroque
498 2271 574 2322 tuum
584 2262 709 2322 laudabit
720 2262 826 2340 pollioe
838 2262 942 2323 ludum.

172 2346 182 2357 ‘
250 2346 380 2418 Protinus
391 2353 422 2403 ut
431 2360 577 2420 moneam,
599 2345 703 2423 siquid
718 2348 865 2405 monitoris
877 2364 947 2424 eges
959 2356 1004 2406 tu:

252 2428 326 2503 Quid
338 2428 374 2488 de
386 2444 500 2507 quoque
515 2428 576 2487 uiro
589 2436 617 2487 et
632 2429 678 2487 ιιι
689 2427 782 2504 ιιιιι,
799 2446 887 2507 saepe
897 2430 1004 2490 videto.

251 2513 482 2587 Percontatorem
495 2512 601 2589 legito:
616 2522 680 2571 rtam
691 2512 821 2591 garrulus
832 2513 907 2584 idern
919 2523 973 2589 eat,

189 2604 232 2665 70
252 2597 314 2657 Νιι
328 2598 450 2655 retinent
459 2594 572 2672 patulae
585 2598 736 2656 commissa
748 2596 869 2656 fideliter
878 2614 972 2672 aures,

249 2682 287 2742 Et
297 2679 385 2739 semel
398 2681 531 2749 emissum
541 2678 618 2738 volat
629 2679 818 2739 irrevocabile
829 2681 955 2741 uerbum.
1007 2675 1019 2684 “

250 2765 315 2825 Non
325 2759 426 2823 aneilla
436 2771 514 2821 tuum
524 2763 604 2822 ieeur
618 2762 730 2827 ulceret
741 2762 796 2823 ulla
807 2780 915 2841 puerve

175 2853 179 2859 '
250 2847 324 2907 lutra
337 2862 522 2907 marmoreum
532 2846 684 2905 venerandi
695 2845 780 2913 limen
791 2848 883 2921 amiei,

137 2996 142 3001 ,
251 2928 296 2989 Νι
311 2929 440 2990 dominus
453 2930 535 3006 pueri
547 2927 657 3007 pulehri
670 2946 788 2989 caraeve
799 2927 912 3005 puellae
965 2970 971 2989 .

189 3017 228 3076 75
250 3011 367 3072 llunare
379 3021 407 3069 te
419 3028 507 3089 paruo
519 3014 587 3071 heet
599 3021 647 3071 aut
657 3010 852 3072 incommodus
863 3017 957 3088 angat

144 3091 148 3109 '
251 3094 369 3168 Qualem
381 3094 573 3169 commendes,
591 3097 675 3155 etiam
686 3103 771 3173 atque
782 3096 865 3155 etiam
879 3094 1008 3172 amplae,
1021 3111 1057 3153 ne
1072 3111 1140 3153 mon

250 3177 387 3239 lnoutrant
398 3176 489 3237 altena
500 3178 550 3238 tnhr
563 3188 682 3255 peceato
694 3176 844 3257 pudorem
1194 3224 1208 3247 ,

251 3261 399 3339 Fallimur,
418 3269 447 3320 et
458 3260 598 3339 quondam
606 3261 951 3340 nondrgnumtradrurus
956 3275 1036 3336 ergo
1165 3328 1166 3333 ¹
