2525 3942
183 230 224 294 ao
285 315 288 322 ⁴
454 229 487 320 J
564 229 764 295 condition
827 249 833 265 ·
930 235 1140 336 [ouis-erp

187 441 189 448 .
203 385 221 448 5
265 431 267 436 -
331 383 430 446 Nectis
442 380 587 446 cateruas?¹
601 383 682 457 Quae
695 384 746 443 tibi
756 383 895 460 rupinum

332 468 445 548 sponso
456 476 558 530 necato
568 467 686 529 barbara
695 464 820 528 serviet?

380 553 455 615 Puer
468 553 532 632 quis
545 569 582 613 ex
596 550 659 612 aula
670 553 781 629 capillis

434 637 480 696 Ad
491 636 620 713 cyathum
631 644 770 697 statuetur
779 636 882 712 unctis,

329 770 440 832 Doctus
451 772 568 849 sagittas
581 770 699 831 tendere
711 770 825 830 Sericas

332 851 557 933 Arcupeteruo?
580 853 652 927 Quis
662 855 750 932 deget
762 853 857 913 arduis

380 935 776 1015 Prouosrelahiposserivos
956 996 959 1002 ,

433 1019 576 1102 Montibus
588 1031 617 1080 et
630 1020 753 1084 Tiberim
764 1021 879 1098 reuerti,

330 1152 582 1214 Gumtucoemtos
591 1151 716 1233 undique
727 1155 838 1216 nobiles
905 1232 907 1242 Ι

223 1287 226 1298 .
255 1293 265 1318 ‚
327 1234 428 1297 Libros
441 1235 554 1298 Panaeti
568 1238 742 1299 Socraticam
758 1248 786 1301 et
798 1239 910 1300 domum

213 1362 259 1398 y.
378 1319 486 1380 Mutare
495 1320 594 1380 loricis
604 1321 729 1401 Hiberis,

240 1405 244 1416 '
432 1402 838 1484 Pollicitusmeliora‚teudisl

586 1591 726 1602 -——

543 1698 769 1754 omnm

456 1813 520 1865 AD
555 1815 897 1868 VENEREM.·

328 1920 473 1999 OVeuus‚
486 1927 584 2004 regina
599 1920 680 1987 Gnidi
694 1926 851 2004 Paphique‚

328 2004 437 2082 Sperne
449 2007 578 2068 dilectam
591 2008 716 2088 Cypron,
730 2019 759 2068 et
770 2012 897 2068 vocantis

327 2085 421 2150 Thure
435 2099 464 2150 te
479 2092 566 2151 multo
578 2092 715 2168 Glycerae
729 2091 861 2151 decoram

376 2163 550 2242 Transier'iu
561 2175 668 2251 aedem.

324 2293 462 2357 Feruidus
473 2306 567 2358 tecum
578 2315 650 2376 puer
659 2309 689 2361 et
699 2300 799 2361 solutis
848 2295 877 2381 J

327 2375 437 2440 Gratiae
448 2383 529 2442 souis
542 2393 753 2464 properentque
763 2384 911 2464 Nymphae

326 2458 363 2521 Et
375 2480 471 2540 parum
486 2468 576 2526 comis
587 2469 650 2529 siue
661 2477 694 2529 te
703 2469 835 2530 luventas

358 2544 615 2631 ,uerecundum
735 2542 739 2555 ”

530 2838 630 2894 ΟΒΕ
650 2840 783 2894 xm.

472 2941 527 2994 ΑΙ)
550 2943 835 2996 APOLLINEM.

325 3048 399 3124 Quid
410 3049 568 3112 dedicatum
579 3056 674 3130 poscit
682 3053 844 3133 Apollinem

323 3131 432 3193 Vates?
456 3132 533 3208 Quid
542 3143 612 3213 orat,
627 3136 663 3197 de
674 3148 771 3216 patera
781 3155 885 3201 uorum

374 3211 506 3278 Fundeus
520 3218 680 3298 liquorem?
701 3220 766 3284 Nou
779 3226 892 3302 opimae

429 3301 574 3364 Sardiniae
584 3315 702 3384 segetes
714 3307 838 3386 feraces,
