2525 3942
110 203 280 281 [spaera]
527 197 639 259 lituu
650 198 675 260 1.
766 166 768 176 ’

7 421 8 430 ¹
112 351 203 425 Quem
216 370 267 412 sua
279 350 364 429 culpa
375 358 503 428 premet,
519 349 658 427 deeeptus
670 352 769 412 omitte
782 353 884 421 tuone

109 436 148 499 lit
159 438 270 515 penitus
281 444 393 504 notum,
412 434 437 493 si
448 441 557 492 tentent
567 435 701 511 crimina,
719 453 818 495 serves

110 515 281 597 'l'uterisqua
294 527 345 578 tuo
356 517 490 577 fidentem
504 516 663 595 praesidio:
683 520 731 595 qui

109 603 203 662 Denta
214 601 362 661 Theonino
379 617 443 659 cum
453 599 683 679 circumditur,
697 599 801 679 ecquid

6 723 7 764 7
109 686 155 745 Ad
165 694 195 745 te
207 693 275 764 post
287 683 372 761 paulo
383 691 501 743 ventura
514 683 642 761 pericula
654 681 764 748 sentis?

109 768 243 848 Nam'tua
254 786 301 827 res
313 769 420 844 agitur,
437 768 608 845 partescum
621 769 768 846 proximus
778 765 868 844 ardet,

6 879 7 890 κ
93 905 95 911 .
108 850 147 912 Et
157 850 290 928 neglecta
303 849 396 910 solent
407 850 536 910 incendia
547 869 661 910 sumere
674 852 762 911 vires.
855 884 858 889 ·

108 933 210 995 Dulcis
220 935 377 1012 inexpertis
389 932 497 993 cultum
508 934 635 1011 putentis
646 937 756 1005 amici3'

108 1017 253 1101 lippertus
264 1018 377 1077 metuit·
395 1014 453 1092 Tu,
471 1016 536 1076 dum
547 1026 594 1078 tua
607 1020 687 1086 navis
699 1020 727 1078 in
737 1018 795 1078 ulto
811 1026 866 1097 est,

108 1101 172 1161 Hoc
182 1119 254 1178 age,
270 1117 307 1159 ne
319 1107 423 1167 mutata
433 1108 588 1164 retrorsum
601 1111 628 1162 te
640 1102 713 1163 ierat
723 1120 800 1163 sura.
828 1156 830 1163 .

111 1184 237 1245 Oderunt
248 1181 365 1242 hilarem
375 1183 472 1243 tristes
483 1184 651 1263 tristemque
662 1187 767 1263 iocosi,
1074 1260 1078 1267 f

39 1270 45 1277 '
110 1265 244 1328 Sedatum
258 1265 388 1341 celeres,
403 1266 508 1343 agilem
517 1286 697 1347 gnavumque
709 1262 835 1340 nimiast
960 1308 972 1350 ·.
1001 1278 1003 1284 ’

109 1352 231 1411 Potcres
242 1348 330 1408 bibuli
341 1348 435 1407 media
446 1348 483 1409 de
495 1359 582 1411 nocte
592 1351 704 1417 Falerni
751 1344 756 1353 ’

3 1453 4 1480 1
110 1434 237 1495 Oderunt
249 1439 382 1509 porrecta
394 1441 545 1508 negantem
556 1434 679 1512 pocula,
692 1438 819 1513 quamuis

38 1570 42 1576 ,
109 1512 564 1579 Noctumcsiurcsteiormidare
581 1522 708 1594 tepores.

108 1602 201 1662 Deme
217 1597 374 1677 supercilio
384 1597 504 1657 nubem:
518 1597 687 1678 plerumque
697 1598 844 1661 modestus

2 1687 3 1692 ’
22 1760 26 1765 .
111 1682 368 1762 Occupatolrscuri
379 1682 525 1759 speciem,
539 1684 693 1743 tacitnmus
705 1683 811 1743 acerbi.

109 1766 188 1827 Inter
198 1775 300 1827 cuncta
311 1764 395 1843 leges
407 1773 436 1825 et
446 1765 655 1843 percontabere
666 1764 780 1843 doctos,

111 1850 174 1925 Qua
186 1853 296 1911 ratione
311 1866 401 1927 queas
416 1848 566 1908 traducere
581 1848 685 1909 leniter
695 1868 814 1925 aerum,

87 1948 96 1955 ·
110 1934 184 2000 llum
197 1942 228 1993 tc
239 1950 355 2011 semper
366 1934 451 2009 inops
462 1935 551 2009 agitet
561 1942 706 2012 vexetque
718 1934 833 2012 cupido,
870 1973 877 1980 -
992 1954 995 1961 ’

92 2018 184 2077 ‘Num
194 2032 285 2095 pavor
295 2024 325 2075 et
333 2034 429 2075 rarum
437 2015 620 2078 mediocriter
631 2017 740 2077 utilium
751 2035 830 2095 spes,
892 2055 897 2059 -

109 2102 248 2162 Virtutem
262 2099 390 2160 doctrina
401 2108 483 2177 paret
491 2108 628 2161 naturane
640 2101 737 2176 donet,

111 2183 186 2258 Quid
198 2186 303 2243 minuat
314 2199 415 2259 curas,
430 2182 498 2261 quid
509 2192 538 2243 te
549 2184 600 2244 tibi
610 2184 710 2246 reddat
721 2185 852 2261 amicum,
926 2249 929 2256 s

111 2266 186 2341 Quid
198 2285 268 2345 pure
279 2266 457 2345 tranquillet,
474 2266 567 2327 honos
580 2286 616 2328 au
627 2268 710 2329 dulce
722 2267 867 2345 lucellum,

103 2351 153 2427 'An
165 2360 308 2412 secretum
320 2353 375 2410 iter
385 2358 415 2409 ct
425 2350 549 2411 fallentis
560 2355 662 2412 semita
672 2354 757 2413 vitae.

112 2434 161 2495 lle
174 2438 288 2513 quoties
299 2434 392 2493 reiicit
403 2434 516 2510 gelidus
531 2433 665 2512 Digentia
675 2438 764 2512 riuus,
1091 2494 1094 2499 .

1 2565 2 2570 1
111 2518 204 2591 Quem
214 2515 345 2577 llaudela
354 2516 445 2592 inibit,
458 2534 584 2593 rugosus
595 2518 704 2595 frigore
715 2536 817 2596 pagus,
1024 2520 1084 2582 105

113 2599 189 2673 Quid
200 2601 307 2659 sentire
319 2594 424 2675 putas?
446 2598 515 2676 quid
526 2600 636 2675 credis,
650 2602 755 2675 amice,
771 2602 881 2677 precari
888 2597 903 2658 ‘l
1154 2614 1163 2623 ‘

112 2684 155 2742 Sit
165 2683 248 2758 gilii,
264 2681 340 2759 quod
355 2698 430 2739 nunc
441 2690 499 2756 est,
513 2683 597 2741 ctiam
607 2686 716 2758 minus,
730 2682 835 2741 etmihi
846 2684 940 2742 vivam
1031 2672 1042 2687 ’

112 2765 197 2839 Quod
208 2773 342 2844 superest
354 2766 434 2841 aevi,
447 2765 472 2823 si
488 2764 556 2842 quid
567 2782 723 2843 superesse
732 2763 831 2824 volunt
842 2764 883 2833 di;
947 2776 950 2785 ⁴

111 2852 154 2910 Sit
164 2850 240 2910 hona
251 2849 386 2909 librorum
399 2856 427 2907 et
439 2849 572 2925 provisae
586 2849 677 2933 frugis
689 2850 717 2909 in
728 2865 828 2908 annum
891 2904 895 2909 .
972 2885 975 2897 ‚

112 2932 218 3011 (iopia,
230 2948 286 2993 nau
298 2929 404 2991 fluitem
418 2930 521 2992 dubiae
532 2950 587 3010 spe
601 2930 741 3010 pendulus
753 2929 853 2998 horae!
986 3000 994 3017 Ι
1024 2933 1085 2995 Ι110
1116 2983 1120 2993 ,

111 3017 170 3079 Sed
183 3019 253 3077 satis
264 3025 310 3077 est
322 3032 404 3075 crare
414 3012 530 3091 lovem,
545 3034 619 3095 quae
634 3014 713 3091 ponit
728 3014 870 3075 etauiert:
979 3066 986 3076 .
1073 3020 1087 3033 ⁷

110 3100 168 3161 lter
177 3103 281 3178 vitam,
299 3099 347 3159 det
359 3114 451 3176 opes,
464 3116 587 3180 aequum
597 3100 635 3159 mi
645 3100 765 3159 animum
777 3101 841 3175 ipae
853 3096 970 3176 parabo.
