2525 3942
125 241 239 318 qous]
516 207 627 300 bunun
641 241 691 302 111.
726 249 729 258 ·

275 391 375 468 „Auro
386 390 644 467 repensussoilioet
654 394 747 452 aerior

176 542 179 551 Ι
275 472 382 552 „Miles
395 467 510 532 redibit!
535 509 573 518 -
589 473 711 553 Flagitio
724 475 836 552 additis,

202 551 205 559 '
325 555 500 635 „Damnumt
520 576 615 636 neque
630 562 750 625 enrissos
762 559 877 622 uolones

316 691 319 703 r
342 694 345 702 .
378 637 476 716 „Lana
489 639 577 700 refert
587 643 724 702 medioata
738 643 815 720 ineo,
854 647 858 652 ’

274 771 360 851 „Neo
371 776 549 851 voravimus,
563 793 627 835 enm
641 776 729 836 semel
744 777 857 854 excidit,
892 809 895 820 ·

275 855 386 934 „Curet
398 859 498 934 reponi
512 857 717 926 deterioribus,
834 875 836 882 ’

206 977 209 983 -
325 940 380 1017 „si
395 949 501 1018 pugnat
512 941 647 1003 extricata
663 943 758 1004 densis

376 1022 492 1101 „Cerva
505 1026 607 1104 plagis,
621 1030 675 1086 erit
686 1025 734 1086 ille
746 1027 839 1104 fortis,

272 1155 353 1232 „Qui
369 1158 484 1236 perfidis
498 1176 531 1218 se
543 1158 663 1220 eredidit
676 1159 815 1237 hostibus,

271 1239 332 1317 „Et-
338 1240 428 1302 Marte
442 1241 554 1302 Poenos
574 1253 700 1320 proteret
711 1243 810 1321 altero,

320 1323 401 1401 „Qui
412 1324 472 1385 lora
483 1327 620 1389 restrictis
628 1323 746 1386 lacertis

375 1409 495 1484 „Sensit
506 1411 583 1469 iners
594 1413 742 1489 timuitque
752 1420 881 1472 mortem.

268 1539 356 1618 „um
370 1541 444 1601 unde
455 1545 539 1602 vitem
550 1553 674 1603 sumeret
687 1547 803 1620 inscius,

269 1624 634 1703 „Peeemulueilomisouit
652 1659 689 1670 -
704 1626 727 1685 0
746 1628 848 1704 pudor!

263 1710 266 1715 “
319 1706 369 1786 „0
383 1706 648 1786 megneGarthago‚
664 1711 810 1786 probrosis
894 1796 899 1802 ἱ

344 1867 347 1871 κ
372 1789 490 1868 „Altior
499 1789 597 1852 Italiae
610 1795 698 1859 ruinis
706 1793 736 1852 !“

267 1922 368 2010 Fertur
378 1924 498 2002 pudicae
511 1928 640 2004 coniugis
650 1926 778 1986 osculum
872 1949 876 1966 ·

192 2025 201 2037 ’
267 2005 429 2085 Peruosque
438 2006 530 2086 natos,
544 2020 574 2069 ut
585 2012 686 2088 eapitis
700 2013 799 2088 minor,

183 2106 186 2115 ·
306 2090 406 2150 ·Abse
416 2095 574 2153 removisse
589 2103 617 2153 et
632 2094 743 2153 virilem

332 2246 335 2252 Ι
371 2173 480 2235 Torvus
493 2178 570 2239 humi
590 2180 724 2274 posuisse
738 2178 853 2256 uultum,

188 2348 191 2355 ,
265 2305 367 2367 Donee
377 2308 503 2370 labentes
517 2311 637 2372 eonsilio
652 2321 748 2390 patres

265 2388 401 2451 Firmaret
411 2403 660 2473 enetornnnqnam
673 2397 742 2456 elius
755 2395 831 2473 date,
851 2409 855 2418 “
903 2439 911 2461 t

316 2472 450 2554 Interque
461 2488 620 2537 maerentes
631 2482 738 2538 amieos

367 2557 512 2636 Egregius
523 2554 691 2638 properaret
705 2562 795 2620 exsul.
855 2599 857 2602 -

264 2688 350 2768 Atqui
362 2692 472 2751 seiehut
482 2711 555 2770 qnae
570 2694 624 2753 sibi
636 2693 770 2754 burburus

158 2771 161 2777 '
265 2771 367 2834 Tortor
378 2784 502 2853 pararet;
524 2792 580 2836 non
590 2776 673 2836 aliter
684 2785 775 2837 tumen

315 2856 442 2918 Dimovit
454 2859 600 2920 obstantes
614 2863 789 2940 propinquos

362 2940 400 3000 Et
416 2943 554 3022 populum
566 2945 674 3005 reditus
686 2955 849 3023 merentem,

263 3053 353 3126 Quem
366 3058 390 3115 si
404 3056 536 3119 clientum
546 3059 632 3139 longa
643 3062 758 3140 negotia
777 3099 780 3112 ‚

261 3136 419 3200 Diiudieuta
430 3140 480 3201 lite
488 3142 670 3223 relinqueret,

311 3219 442 3283 Tendens
452 3226 627 3288 Venafranos
642 3231 670 3288 in
683 3229 767 3307 agios

364 3305 420 3367 Aut
430 3307 680 3372 Lacedaemonium
695 3311 852 3372 Tarentum.

166 3385 319 3430 nouimus,
511 3421 656 3432 .....-
824 3419 827 3426 .

843 3439 846 3444 ’
904 3429 920 3480 5
