2525 3942
192 208 257 272 ara
293 167 324 225 ·.
526 151 804 300 ‚urrsromnun
974 145 976 149 ⁵
1018 195 1167 271 [baraca]

279 361 374 422 llutus
386 367 416 419 ct
430 391 441 403 ·
456 356 617 434 indignum,
631 350 709 430 quod
720 352 757 410 sit
768 346 915 427 peioribus
927 354 1005 405 ortus
1018 356 1036 388 ··

183 442 190 456 ⁸
279 445 334 505 llic
344 442 395 504 tibi
407 444 444 502 sit
455 442 550 518 potius
561 455 643 516 quam
655 443 685 495 tu
698 432 833 493 mirabilis
844 428 895 490 illi.
1001 442 1003 447 ·

282 526 427 605 Quidquid
441 523 581 584 subterra
595 528 657 595 ost,
678 520 706 577 in
718 518 844 595 apricum
856 512 982 591 proferet
991 518 1085 579 aetas;
1176 566 1181 571 .

116 654 131 674 2
219 614 259 677 25
280 610 418 671 Deiodiet
428 607 589 684 condetque
599 603 726 662 nitentia.
754 588 1043 659 (lumbenenotum'
1085 614 1088 620 ·

281 693 411 753 Porticus
424 691 571 768 Agrippae
583 696 612 746 et
622 688 668 745 via
679 694 707 745 to
724 682 906 761 conspexerit
919 680 1005 757 Appi,

283 776 330 836 Ire
340 786 434 836 tamon
447 782 550 849 restat,
570 770 661 831 Numa
674 784 730 847 quo
743 766 857 826 devenit
868 773 897 823 et
910 762 1017 823 Ancus.

283 861 314 920 Si
325 860 399 919 latus
413 867 460 917 aut
471 854 666 916 rencsmorbo
678 859 819 912 tentantur
829 855 924 924 acuto,
1027 858 1034 863 ·

220 1013 224 1021 .
285 942 400 1016 Quaere
415 941 511 1019 iugum
521 939 623 999 morbi.
648 936 700 995 Vis
711 944 790 994 recto
801 934 900 991 vivore
912 962 922 973 ·
935 930 999 1007 quis
1014 926 1095 989 uon‘l
1107 949 1134 989 -:
1250 974 1257 1000 ,

220 1026 263 1089 30
284 1028 315 1087 Si
326 1028 416 1106 virtus
427 1026 484 1084 boc
495 1041 550 1082 uoa
567 1018 756 1099 potostdaro,
777 1016 859 1076 fortis
872 1015 986 1073 omissis

283 1108 349 1169 Hoc
359 1127 414 1186 age
426 1104 547 1166 deliciis.
581 1104 721 1162 Virtutem
734 1092 822 1160 rerba
837 1107 918 1176 putas
929 1104 962 1155 ut

284 1191 390 1251 Lucum
403 1190 495 1266 ligna:
512 1206 582 1247 cave
596 1204 633 1246 ue
645 1194 743 1264 pprtus
756 1190 880 1258 occupet
893 1180 975 1256 alter,

284 1273 328 1337 Nc
340 1272 516 1349 Cibyratica,
534 1290 571 1330 uc
582 1269 827 1345 Bitlryna'negotia
842 1262 958 1342 perdam
1071 1303 1081 1315 .

285 1356 364 1416 blille
376 1356 480 1416 talenta
494 1354 693 1427 rotuudcntur,
707 1348 824 1410 totidem
837 1347 939 1422 altera,
955 1354 1083 1425 porroet
1123 1412 1127 1421 ἱ

218 1439 263 1516 Ι35
286 1439 380 1499 Tertia
391 1437 560 1514 succedant,
578 1445 606 1496 et
617 1453 690 1514 quae
704 1452 769 1511 pars
783 1430 901 1511 quadret
914 1446 1055 1488 acervum.

124 1526 129 1531 ’
192 1530 196 1534 ’
288 1518 406 1583 Scilicet
416 1539 533 1582 uxorem
544 1539 608 1580 curn
623 1518 691 1578 dote
702 1516 843 1594 iidemque
857 1523 885 1573 et
898 1512 1004 1572 amicos

286 1605 324 1666 Et
337 1624 430 1683 genus
441 1614 471 1665 et
480 1605 597 1664 formam
609 1604 706 1679 regina
722 1599 843 1659 Pecunia
854 1596 948 1671 donat,

229 1744 253 1785 ι
285 1687 329 1748 Ac
339 1689 413 1748 benc
423 1696 592 1748 nummatum
603 1686 720 1745 decorat
731 1682 852 1743 Suadela
867 1680 1030 1755 Venusque.

248 1825 255 1829 .
286 1771 436 1851 iduncipiis
447 1770 578 1849 locuples
591 1778 659 1847 eget
670 1771 743 1827 ueris
755 1764 957 1844 Cappadocum
969 1778 1032 1819 rex:

225 1856 268 1919 40
288 1854 542 1916 Neiuerishictu.
564 1851 734 1927 chlamydes
746 1848 895 1924 Lucullus,
908 1854 938 1929 ut
949 1846 1035 1920 aiunt,
1075 1896 1078 1901 ,

290 1939 323 2008 Si
334 1946 435 2015 posset
448 1947 560 1998 centum
575 1953 680 1996 scenae
692 1934 831 2013 praebere
842 1936 970 2008 rogatus,

198 2095 201 2100 Α
290 2020 371 2099 „Qui
391 2037 509 2099 possum
526 2017 614 2080 totl“
635 2021 686 2089 nit;
709 2026 825 2094 „tumen
841 2022 870 2073 et
889 2028 1036 2092 quaeram,
1060 2020 1088 2069 ot
1108 2018 1180 2089 quot

832 2094 974 2164 'habebo

289 2185 459 2263 „liittam;“
474 2195 539 2264 post
554 2185 639 2263 paulo
652 2185 765 2260 scribit,
780 2184 833 2242 sibi
848 2180 933 2239 millia
948 2178 1071 2256 quinque

289 2268 364 2329 Esse
373 2269 448 2328 domi
459 2267 651 2343 chlamydum,
665 2276 772 2344 portem
782 2262 829 2323 vel
843 2262 958 2323 tolleret
974 2276 1082 2319 omncs.

228 2352 268 2415 45
290 2350 380 2411 Exilis
395 2351 494 2411 domus
506 2360 565 2426 ost,
583 2350 631 2409 ubi
643 2368 700 2409 nou
716 2358 744 2409 et
758 2347 844 2407 multa
854 2352 1006 2425 supersunt

289 2434 327 2494 Et
341 2434 481 2495 dominum
493 2433 592 2494 ialluut
602 2441 631 2492 et
643 2442 761 2511 prosunt
772 2432 892 2492 iuribus.
910 2428 988 2503 Ergo
1101 2428 1118 2480 “.

292 2519 322 2577 Si
336 2537 384 2578 res
395 2517 457 2578 sola
468 2525 565 2597 potest
576 2517 672 2577 iacere
688 2528 716 2577 et
729 2534 845 2577 servare
856 2516 978 2584 beatum,
993 2560 994 2565 ,

268 2608 275 2621 “
292 2600 355 2661 Hoc
367 2604 473 2680 primus
485 2611 600 2681 repetas
613 2615 704 2679 opus,
721 2602 777 2661 hoc
787 2586 946 2679 postremus
960 2590 1088 2651 omittas.-

292 2686 323 2744 Si
338 2685 508 2746 fortunatum
520 2688 637 2764 species
650 2694 679 2745 et
689 2686 778 2765 gratia
790 2687 924 2761 praestat,

230 2772 272 2833 to
291 2767 451 2829 lilercemur
462 2788 590 2845 sermm,
605 2770 652 2847 qui
667 2769 754 2829 dictet
765 2766 891 2838 uomina,
906 2760 1016 2819 laevum
1033 2764 1041 2769 ’
1118 2754 1121 2761 ’

294 2851 470 2923 Quiiodicet
483 2851 557 2911 latus
570 2861 599 2910 et
611 2860 696 2927 cogat
706 2860 782 2914 mans
797 2846 923 2926 pondera
934 2842 1060 2903 dextram

292 2932 454 3010 Porrigere.
476 2933 554 3010 „llic
565 2933 680 2991 multum
692 2936 720 2991 in
731 2930 817 2991 Fabia
828 2928 919 3003 valet,
932 2926 981 2985 ille
995 2925 1110 2992 Velina:

293 3015 371 3091 „Cui
383 3016 453 3074 libet
462 3016 510 3075 bic
519 3016 615 3074 fasces
626 3014 720 3089 dabit,
740 3014 899 3093 eripietque
911 3008 1008 3070 curule
1075 3012 1086 3027 “

294 3095 373 3172 „Cui
384 3096 463 3156 volet
475 3100 650 3175 importunus
667 3097 771 3157 obur.“
792 3094 915 3171 Frater,
927 3102 1021 3173 pater
1032 3090 1117 3161 adde;

231 3184 271 3245 55
293 3180 331 3278 Ut
343 3182 447 3257 cuique
459 3188 503 3239 cst
514 3188 609 3270 aetas,
625 3182 664 3241 ita
677 3198 819 3260 quemque
829 3180 939 3240 facetus
951 3176 1063 3255 adopta.

293 3263 324 3323 Sr
335 3264 409 3323 bene
421 3265 469 3342 qui
481 3264 666 3325 coenatbene
677 3267 761 3325 vivit:
779 3263 872 3341 lucet,
887 3280 981 3321 eamus
1017 3294 1022 3305 ι
