2525 3942
67 128 267 260 ¹[spatia]
513 178 624 267 amna
634 177 673 239 11:
913 162 914 165 ‘
1026 177 1087 241 etr
1192 232 1195 235 ,

117 331 154 392 Et
165 334 363 410 tempestivum
375 333 473 409 pueris
485 328 762 405 concedereludurn,

70 464 75 471 ,
117 413 162 473 Ac
172 426 228 474 noir
239 416 327 482 verba
339 415 423 492 sequi
435 414 536 473 fidibus
547 411 714 472 modulanda
727 411 843 488 Latinis,

80 568 86 573 ,
118 497 177 556 Sed
190 516 277 557 verae
287 493 480 574 numerosque
491 495 651 573 modosque
666 494 796 555 ediscere
808 498 892 555 vitae.

71 621 76 630 κ
118 579 261 652 Quocirca
272 598 382 639 mecum
394 579 499 658 loquor
508 580 580 639 haec
591 580 751 655 tacitusque
762 578 913 639 recordor:
991 618 992 623 η

117 661 172 739 „Si
184 662 234 721 tibi
244 662 320 722 nulla
331 664 406 722 sitim
417 663 508 722 liniret
519 664 603 739 copia
613 660 756 737 lymphae,

116 744 276 820 „Narrares
286 744 423 805 medicis:
442 745 536 823 qncd,
554 752 660 821 quanto
671 743 750 821 plura
766 744 881 820 parasti,

116 826 229 903 „fanto
241 827 322 905 plura
334 830 432 905 cupis,
448 827 554 887 nulline
565 828 681 885 faterier
692 824 802 896 audes?

115 910 172 985 „Si
183 909 284 974 vulnus
295 907 345 971 tibi
357 919 509 970 monstrata
520 909 617 969 radice
627 908 674 967 vel
687 908 776 968 herba
867 942 871 948 -

115 990 205 1069 „Non
218 992 298 1052 fieret
309 992 418 1068 levius,
435 994 553 1069 ingeres
565 991 662 1051 radice
676 990 723 1051 vel
734 990 823 1051 herba

114 1073 309 1151 „Proficiente
320 1076 389 1134 nihil
405 1076 544 1134 curarier:
564 1074 710 1149 audieras,
731 1075 776 1131 cui

16 1216 30 1231 ,
114 1157 210 1233 „Rem
225 1156 252 1216 di
264 1157 418 1234 donarent,
437 1157 478 1216 illi
491 1156 632 1216 decedere
644 1174 758 1233 pravam

114 1240 304 1322 „stultitiam
323 1250 367 1316 et,
386 1242 500 1299 cumeis
515 1240 602 1299 nihilo
614 1240 784 1317 sapientior,
802 1256 839 1297 ex
850 1254 906 1315 quc

113 1322 250 1399 „Plenior
263 1341 313 1398 es,
326 1331 419 1382 tamea
429 1325 518 1382 uteris
529 1324 715 1382 monitoribus
728 1318 840 1381 isdem-‘l

113 1405 175 1481 „At
185 1407 210 1468 si
222 1404 336 1463 divitiae
348 1405 514 1481 prudentem
524 1406 646 1464 reddere
662 1413 790 1483 possent,

112 1489 168 1563 „Si
181 1486 314 1565 cupidum
324 1487 508 1565 timidumque
518 1489 608 1546 minus
619 1496 662 1545 te:
678 1503 782 1562 nempe
793 1485 922 1561 rubetas,

41 1618 58 1641 0
112 1571 253 1648 „Viveret
268 1572 296 1629 in
306 1571 390 1629 terris
399 1579 429 1629 te
442 1572 466 1628 si
479 1572 543 1647 quis
556 1571 667 1627 avarior
678 1584 743 1626 uno.

112 1654 167 1730 „Si
179 1654 324 1730 proprium
337 1662 399 1729 est,
417 1652 494 1730 quod
507 1654 571 1730 quis
581 1650 653 1711 libre
663 1658 803 1709 mercatur
818 1658 847 1708 et
858 1666 937 1725 aere,

90 1737 94 1744 '
113 1736 297 1813 „Quaedam
318 1738 343 1794 si
356 1735 451 1795 credis
464 1734 619 1811 consultis,
631 1734 772 1810 mancipat
783 1750 866 1791 usus:
984 1734 989 1739 “
1048 1733 1050 1735 ’

83 1836 85 1840 ·
111 1819 234 1896 „Qui-te
245 1820 433 1897 pascitager,
451 1826 515 1877 tuus
529 1826 589 1893 est,
607 1826 636 1876 et
646 1816 759 1876 villicus
771 1814 851 1891 Orbi,

110 1900 207 1978 „Cum
218 1910 335 1979 segetes
347 1905 431 1962 octat
441 1902 491 1961 tibi
503 1916 571 1960 mcx
582 1900 720 1959 frumenta
732 1898 854 1973 daturas,

110 1983 176 2061 „Te
187 1983 329 2045 dominum
340 1988 435 2044 sentit.
457 1986 673 2058 Dasnummos,
690 1983 798 2058 accipis
812 1999 904 2059 uuam,
977 1994 982 2002 '

103 2063 247 2143 ·„Pullos,
267 2084 338 2144 ova,
356 2067 455 2127 cadum
467 2068 579 2127 temeti:
594 2082 699 2147 nempe
712 2064 797 2123 mode
808 2066 884 2123 isto*

109 2148 268 2225 „Paulatim
279 2152 414 2210 mercaris
425 2169 540 2228 agrum,
561 2150 685 2209 fortasse
696 2149 832 2207 trecentis
943 2148 945 2151 ’

108 2231 189 2309 „dut
201 2233 285 2291 etiam
296 2250 382 2311 supra
391 2250 567 2293 nummorum
577 2231 701 2292 millibus
714 2239 827 2290 emtum.

108 2314 209 2390 „Quid
220 2314 324 2391 refert,
343 2318 423 2377 vivas
438 2325 584 2380 numerato
595 2332 687 2393 nuper
698 2332 733 2374 an
745 2310 833 2374 clim?

108 2396 231 2473 „Emtcr
245 2395 353 2457 Aricini
366 2400 507 2476 quendam
517 2398 645 2459 Veientis
658 2406 687 2457 et
697 2398 757 2457 arvi

107 2478 244 2555 „Emtum
257 2488 360 2539 coenat
371 2480 452 2555 clus,
468 2483 595 2557 quamvis
610 2480 693 2539 aliter
705 2487 798 2556 putat;
815 2480 897 2537 emtis
924 2482 928 2485 ’

107 2562 192 2637 „Sub
203 2568 317 2620 noctem
328 2561 451 2637 gelidam
465 2561 558 2637 lignis
567 2561 716 2619 calefactat
727 2560 861 2627 ahenum;

46 2708 53 2721 ,
106 2642 191 2722 „Sed
203 2651 288 2703 vccat
298 2662 390 2721 nsque
403 2661 499 2718 suum,
517 2660 572 2720 qua
585 2641 708 2719 populus
722 2640 811 2699 adsita
824 2641 911 2699 certis

106 2725 381 2802 „limitibusvicina
396 2724 502 2802 refugit
512 2726 619 2801 iurgia,
634 2758 671 2767 —
684 2732 815 2798 tanquam
870 2774 872 2779 .

106 2809 174 2885 „Sit
188 2810 334 2886 proprium
346 2804 711 2886 quidquam-puncto-quod
721 2803 834 2863 mobilis
845 2803 934 2873 horae
1001 2868 1003 2875 ,

105 2892 212 2969 „Nunc
224 2908 327 2969 prece,
342 2909 416 2951 nunc
428 2893 536 2968 pretio,
554 2906 629 2965 nunc
640 2889 685 2964 vi,
702 2903 777 2946 nunc
788 2895 879 2945 morte

219 3038 224 3046 ¹
595 3046 602 3053 ι
714 2985 845 3045 suprema

103 3058 270 3135 „Permutet
282 3057 411 3116 dominos
422 3065 451 3115 et
462 3054 545 3115 cedat
555 3052 682 3112 innitere
694 3052 763 3110 iura.

88 3142 178 3218 „Sic
190 3142 256 3217 quia
267 3149 423 3216 perpetuus
434 3138 504 3197 nulli
515 3137 595 3196 datur
605 3152 690 3211 usus,
700 3141 733 3197 ct
742 3133 828 3193 heres

104 3223 270 3301 „Heredem
281 3221 485 3282 altericsaelut
495 3220 567 3279 unde
579 3217 744 3296 supervenit
755 3214 866 3291 undam,
