2525 3942
4 318 5 350 *
96 228 174 304 [Set.
187 224 225 301 4.]
499 226 610 289 LIBER
620 226 658 288 ΙΙ.

96 372 297 455 Quaecunque
305 377 453 437 immundis
464 378 575 440 ferrent
585 378 670 439 allata
682 380 807 457 popinis.

94 455 150 517 Est
163 473 271 535 operae
282 460 403 536 pretium
415 460 537 538 duplicis
547 478 722 539 pernuseere
733 463 802 522 iuris
851 513 857 519 .

94 538 239 601 Naturam.
261 541 390 619 Simplex
401 562 420 601 e
436 542 512 604 dulei
524 553 636 605 eonstat
648 543 735 620 olivo,

95 621 182 696 Quod
194 625 291 701 pingui
302 626 424 686 miseere
434 644 513 687 meru
524 630 670 705 muriaque
681 626 796 688 decebit

94 704 160 767 Nun
170 706 241 783 sliu,
258 723 343 785 quam
353 726 409 787 que
419 708 552 785 Byzantia
563 711 656 789 putuit
666 726 743 769 urea.

95 788 158 849 Hes
168 790 217 849 ubi
228 790 378 853 contusum
387 795 477 861 sertis
486 793 621 853 inferbuit
630 792 728 852 herbis

94 869 279 950 Corycioque
291 889 379 933 erues
390 892 519 951 sparsum
529 877 623 951 stetit,
640 878 756 953 insuper
766 871 853 936 addes

93 952 197 1015 Pressa
207 954 383 1017 Venafranae
395 957 472 1035 quod
482 958 572 1019 banea
584 959 694 1019 remisit
709 955 813 1017 olivae.

93 1037 207 1099 Picenis
219 1039 321 1099 endunt
333 1044 426 1117 pomis
439 1040 564 1103 Tiburtia
575 1058 661 1101 suno:

93 1118 165 1181 Nam
175 1122 250 1181 iaeie
260 1132 413 1199 praestant.
434 1123 581 1185 Venucula
595 1124 728 1184 convenit
739 1121 819 1192 ellis;

92 1203 213 1265 Rectius
222 1203 358 1265 Albanum
367 1207 446 1267 inme
458 1206 602 1267 duraveris
616 1224 710 1267 uvam.

92 1286 171 1347 Hane
183 1302 239 1365 ego
252 1304 315 1347 eum
326 1289 422 1364 mulis,
437 1307 495 1367 epo
506 1290 618 1350 iaeeem
629 1291 735 1368 primus
748 1298 777 1349 et
790 1284 884 1366 halen,

2 1415 3 1418 ,
92 1368 201 1429 Primae
214 1378 243 1429 et
253 1372 382 1430 iuvenior
391 1374 475 1447 piper
488 1372 582 1432 album
593 1390 658 1433 enm
673 1371 732 1431 sale
744 1372 827 1449 nigro

93 1449 234 1512 incretum
245 1453 322 1529 puris
338 1454 704 1529 eireumpusuisseeatiliis.
775 1484 779 1487 ·

92 1533 215 1594 lmmuue
229 1543 275 1593 est
284 1535 399 1610 vitium,
416 1533 483 1595 dare
493 1535 581 1595 millia
593 1545 673 1595 terna
684 1534 805 1595 musello

91 1616 281 1695 angustoque
291 1634 382 1695 vagos
394 1619 492 1694 pisees
504 1636 609 1695 urgere
621 1620 725 1677 setino.

91 1699 195 1777 Magna
205 1708 302 1762 movet
312 1701 460 1762 stomacho
471 1700 592 1776 tasndta,
606 1718 658 1762 seu
672 1717 743 1777 puer
760 1701 851 1759 unetis

92 1782 234 1844 Tmetarit
245 1782 363 1845 culidem
373 1782 521 1859 manibus,
535 1783 600 1844 dum
611 1783 684 1842 iurta
695 1780 815 1860 ligurrit,

91 1866 159 1925 Sive
170 1868 265 1945 gravis
276 1869 367 1931 veteri
379 1876 505 1928 eraterae
516 1864 599 1927 limus
612 1864 750 1927 adhaesit.

90 1949 200 2009 Vilibus
211 1952 240 2010 in
251 1951 366 2027 saepis,
387 1951 416 2010 in
428 1950 554 2027 mappis,
570 1952 599 2009 in
613 1947 708 2015 sedbe—
720 1954 839 2026 quantus

90 2031 229 2093 Consistit
242 2031 370 2097 sumtus?
382 2032 546 2110 lippientis,
559 2032 695 2111 flagitium
706 2032 817 2107 ingens.
831 2060 846 2077 ·-

89 2115 159 2176 'fen'
173 2115 285 2193 lapides
294 2119 391 2177 varies
401 2116 536 2176 tututenn
546 2115 648 2175 rudere
660 2114 752 2199 palma

88 2198 126 2260 Et
136 2197 314 2281 Tyrias‘dare
326 2202 433 2259 eirenm
443 2198 521 2259 illota
532 2198 631 2259 teraiia
642 2206 751 2273 vestes,

90 2279 229 2357 Obliturn,
242 2292 348 2361 quanto
360 2301 455 2343 eurum
468 2292 646 2361 sumtnmque
656 2282 792 2342 minorem

88 2365 166 2425 Haeo
177 2366 313 2442 habeant,
326 2376 403 2427 tanto
415 2364 586 2444 reprehendi
597 2366 698 2445 iustius
710 2362 778 2437 illis,

89 2448 169 2521 Quae
182 2450 238 2508 nisi
249 2448 382 2509 divitibus
398 2457 541 2525 nequeant
551 2449 718 2524 contingere
728 2440 853 2505 mensis?

87 2529 195 2594 Horat.
206 2529 381 2606 DneteGati,
389 2548 441 2607 per
451 2532 600 2589 amir-itiam
610 2529 751 2605 divesque
760 2534 887 2602 rogatus,

87 2612 203 2673 Dueere
212 2631 259 2672 me
270 2612 410 2687 anditum,
423 2629 529 2688 perges
540 2628 723 2689 quoeunque,
736 2614 887 2689 memento.

88 2694 160 2757 Nam
171 2697 298 2774 quumvis
309 2696 426 2755 memori
440 2694 550 2753 referas
564 2694 632 2752 mihi
643 2700 762 2770 pestere
776 2696 898 2763 cuneta,¹

88 2776 152 2839 Nou
164 2787 258 2839 tamen
266 2779 407 2855 interpres
418 2775 579 2837 tantundem
589 2777 706 2835 iuveris.
727 2770 808 2832 Adde

87 2861 200 2922 Vultum
209 2861 391 2939 habimmqne
402 2860 535 2935 heminis,
542 2876 627 2937 quern
638 2867 668 2917 tu
674 2857 782 2918 vidisse
794 2855 893 2914 beatus

87 2944 152 3005 Nun
161 2945 255 3023 magni
267 2944 384 3023 pendis,
399 2944 465 3021 quia
476 2944 611 3020 emtigit3
620 2950 649 3001 et
659 2940 726 3001 mihi
739 2955 806 2999 eura

87 3026 151 3088 Non
161 3026 315 3088 mediunris
328 3028 419 3103 inest,
432 3026 528 3085 ientes
539 3034 570 3085 ut
579 3024 659 3085 edire
668 3030 793 3086 remotes

86 3110 304 3190 Atque-haurire
318 3129 421 3188 queam
429 3111 505 3171 vine
517 3116 670 3187 prseeepta
681 3106 792 3169 beatae.

504 3260 647 3276 ...nnn-d-
