2525 3942
566 201 785 264 ‘crmrruuu
837 191 840 211 ‘
1005 188 1159 297 [ease]

600 387 700 443 olm
717 385 761 440 V·

438 550 446 574 ι
550 511 595 572 ΑἸ)
611 521 803 574 PYRRHAM.

375 624 446 699 Quis
456 617 547 684 multas
555 623 669 702 graeilis
681 633 711 683 te
725 642 797 702 puer
803 627 835 686 ‘iu
845 642 912 686 rosa

372 707 505 768 Perfusus
516 707 631 786 liquidis
646 717 729 785 urget
741 709 876 770 odoribus

423 789 519 868 Grato,
532 790 653 868 Pyrrha,
664 791 716 850 sub
728 791 828 853 autre?
947 860 950 866 ¹

473 872 526 936 Cui
543 875 643 935 ilavam
652 874 758 954 religas
771 895 890 954 comam,

378 1025 504 1106 Simplex
515 1011 678 1086 mumlitiisi
700 1027 762 1088 Heu
778 1033 890 1111 quoties
901 1029 985 1090 iidem

372 1108 552 1188 liniatosque
564 1107 635 1169 deos
647 1110 735 1188 tebit,
748 1122 781 1172 et
787 1131 889 1192 aspera

423 1193 518 1272 Nigris
530 1211 655 1272 aequora
664 1197 755 1255 ventis

472 1269 642 1338 Emirabitur
644 1279 791 1357 insolens,

372 1429 428 1504 Qui
438 1446 512 1491 nune
524 1439 554 1490 te
567 1429 675 1495 fruitur
680 1431 811 1491 credulus
826 1450 949 1507 aurea,

374 1514 430 1588 Qui
442 1530 556 1592 semper
565 1531 693 1615 saepem,
705 1533 820 1593 semper
829 1514 975 1577 amabilem

422 1598 535 1676 Sperat,
550 1600 666 1658 nescius
679 1618 764 1659 aurae

333 1679 335 1684 ’
403 1715 405 1718 -
469 1679 604 1742 Pellaeis!
625 1682 734 1760 Miseri,
748 1683 849 1762 quibus

370 1830 508 1894 luteutata
519 1833 605 1896 uites!
626 1832 674 1894 ute
686 1835 779 1896 tabula
790 1853 872 1900 sacer

350 1922 353 1928 ‘
371 1916 473 1978 Votiva
485 1921 578 1996 paries
589 1917 693 1978 iudicat
703 1918 786 1978 uvida

204 2004 240 2062 ts
420 2001 612 2079 Suspemlisse
627 2004 735 2079 putenti
814 2028 829 2071 g

287 2078 290 2093 ¹
466 2085 642 2147 Vestimenta
653 2104 736 2144 maris
749 2085 815 2150 deo

608 2279 748 2287 ——---

589 2413 689 2467 omre
705 2411 771 2468 vr.
816 2480 826 2493 .

415 2529 462 2583 AD
479 2529 515 2582 M.
531 2528 732 2582 VIPSANIUM
746 2528 941 2584 AGRIPPAM.

303 2631 440 2691 Scriberis
451 2628 536 2691 Vario
549 2631 630 2692 fortis
645 2642 675 2692 et
688 2632 810 2693 hostium

303 2715 412 2790 Viator,
426 2711 547 2774 Maeonii
565 2718 694 2777 eamuiuis
707 2717 784 2794 alite,

304 2797 393 2871 Quam
406 2815 466 2856 rem
477 2801 684 2878 uunque‘ferox
696 2801 872 2873 nauibusxaut
882 2800 963 2877 equis
1020 2806 1022 2813 '

364 2879 448 2944 Miles
462 2890 491 2942 te
503 2880 575 2942 duee
586 2885 718 2962 gesserit.

275 3101 284 3126 0
301 3028 374 3109 Nos,
386 3031 524 3113 Agrippa,
536 3053 645 3127 neque
642 3035 714 3094 haee
730 3033 836 3110 dicere,
849 3010 1028 3111 neegrarem

300 3113 414 3176 Pelidae
428 3118 600 3178 stomachum
613 3111 827 3194 eedereueseii‚
862 3182 866 3199 Ι
1049 3128 1052 3135 “

301 3196 364 3258 Nee
376 3218 474 3262 cursus
486 3201 606 3281 duplieis
618 3219 671 3280 per
679 3220 757 3264 mare
767 3200 906 3278 Ulixei,

364 3283 427 3346 Nec
440 3305 552 3346 saevam
566 3285 681 3365 Pelopis
692 3286 804 3347 domum
