2525 3942
124 258 193 336 [sn
208 258 245 335 1.]
552 258 697 320 ursuni.
792 306 795 313 .
974 202 1096 324 'roo

209 407 278 480 §At
289 409 363 470 bono
375 427 440 489 pars
451 406 594 471 hominum
608 411 729 489 deceptu
743 409 875 488 cupidine
886 410 970 488 falso,

209 490 281 570 „Nil
293 496 364 554 sutis
376 503 421 553 est
431 496 466 572 ‚“
480 497 585 575 inquit,
610 498 702 574 „quia
712 495 796 569 tanti,
821 505 951 574 qnantum
962 496 1010 556 lra-

716 577 801 653 bcns,
818 580 893 636 sis.“

209 658 317 731 rouro
328 660 416 721 incius
430 657 493 720 tilii
507 658 610 721 lubens
621 662 755 721 miserum
767 677 843 736 csse,
857 659 978 721 libenter

211 742 355 815 Quatenus
366 742 396 803 id
405 743 489 804 iacit:
504 752 535 804 ut
545 744 659 823 quidum
670 752 839 804 memoratur
850 742 968 804 Athenis

210 825 348 886 Sordidus
359 842 394 887 nc
407 827 505 904 (lives,
519 827 618 906 populi
633 836 815 888 contemnere
825 843 916 887 voces
1054 830 1093 891 65
1161 829 1172 845 ⁵

210 908 259 969 Sic
273 910 389 989 solitus:
404 909 553 989 „Populus
567 930 612 971 me
626 911 731 988 sibilat,
744 918 773 971 nt
786 910 853 970 mihi
864 909 968 988 plaudo

209 991 302 1071 „lpse
313 993 398 1070 domi,
412 993 494 1054 simul
505 1012 540 1055 nc
550 1012 679 1056 nummos
692 993 870 1071 contemplor
881 996 908 1053 in
920 994 1020 1054 arca.“

209 1073 341 1137 Tantalus
352 1077 466 1139 ulubris
477 1080 577 1139 siticns
592 1079 730 1157 iugientin
743 1086 837 1155 captat

208 1155 335 1221 Flumina
347 1205 354 1220 .
368 1210 375 1224 .
389 1204 397 1221 .
415 1161 489 1235 Quid
501 1160 599 1223 rides?
610 1162 718 1222 Mutato
731 1162 844 1221 nornine
857 1159 891 1220 de
900 1169 932 1219 te
994 1198 996 1206 ,

207 1240 314 1304 Fabula
325 1254 466 1305 narretur:
481 1234 628 1323 congestis
640 1244 763 1325 undique
776 1247 869 1305 saccis
1053 1248 1095 1310 70

207 1323 346 1387 indormis
356 1329 465 1388 inhians
489 1340 518 1390 et
538 1338 670 1408 tanquam
682 1346 800 1407 parcere
811 1330 900 1388 sacris

209 1406 332 1487 Cogeris
344 1420 391 1469 out
405 1413 490 1487 pictis
500 1420 632 1490 tanquam
645 1402 771 1489 gaudere
783 1410 907 1471 tabellis.

208 1489 313 1552 Nescis
325 1508 382 1570 quo
394 1493 487 1553 valent
497 1491 646 1553 nunrmusl
662 1511 747 1572 quem
763 1494 897 1571 praebent
908 1492 1010 1555 usum?

172 1640 179 1652 ,
209 1574 292 1640 Panis
304 1582 426 1652 ematur,
444 1574 524 1653 olus,
540 1578 598 1635 vini
610 1578 769 1652 sextarius,
783 1574 866 1652 adde,

210 1657 283 1729 Quis
294 1659 413 1719 humanu
428 1658 482 1718 sihi
496 1657 590 1719 dolent
604 1668 701 1718 natura
712 1658 834 1735 negatis.
1053 1660 1093 1723 75

209 1741 254 1801 Αιι
263 1742 383 1819 vigilare
396 1751 473 1802 metu
485 1744 657 1818 exanimem,
672 1749 831 1819 noctesque
847 1739 967 1820 diesque

209 1824 374 1885 Formidure
385 1826 475 1886 rnnlos
487 1826 582 1903 iures,
599 1824 744 1902 inccndio,
758 1840 869 1900 servos,

209 1906 254 1969 Ne
265 1918 294 1969 tc
306 1910 462 1987 compilcot
471 1910 632 1987 rugientes,
648 1910 704 1969 hoc
715 1905 811 1969 iuvat?
825 1906 932 1967 Horurn

210 1992 332 2072 Semper
342 2011 399 2071 ego
411 1995 530 2071 optarim
542 1994 737 2072 pauperrimus
749 2009 815 2052 esse
825 1992 973 2052 bonorum.

210 2075 277 2147 §At
288 2079 313 2137 si
325 2077 470 2138 condoluit
480 2085 614 2137 tentatum
629 2078 738 2154 frigore
753 2070 857 2153 corpus
1053 2077 1094 2138 80

208 2159 854 2238 Autoliuscususloctoteniiixit,hsbesqui
1017 2174 1019 2185 ¹

208 2242 356 2322 mordeat,
368 2245 493 2306 fomento
505 2254 601 2324 peret,
617 2243 758 2305 medicum
769 2251 872 2321 roget,
889 2249 919 2303 nt
930 2249 960 2302 te

209 2327 335 2387 Suscitet
346 2346 380 2388 uc
393 2328 492 2390 reddet
501 2330 594 2407 gnatis
606 2328 739 2407 carisque
751 2327 929 2405 propinquis.

170 2449 174 2455 -
208 2410 305 2480 &Non
317 2428 388 2470 uxor
399 2412 507 2471 salvum
520 2421 550 2470 te
563 2410 640 2487 vuli,
654 2429 710 2471 non
722 2411 809 2481 iilius;
821 2426 919 2469 ornnes

207 2494 301 2553 Vicini
314 2493 434 2552 oderunt
450 2495 525 2568 noti,
542 2495 623 2570 pueri
639 2502 723 2571 atque
734 2492 858 2570 puellus.
1052 2490 1092 2552 85

207 2574 335 2652 Miraris,
350 2590 412 2633 curo
432 2584 462 2634 tu
473 2584 591 2651 argento
603 2584 670 2652 post
690 2577 782 2634 ornnin
796 2590 898 2652 ponas,

209 2658 241 2717 Si
252 2671 336 2716 nemo
349 2664 489 2733 praestet,
503 2673 587 2733 quern
601 2672 658 2715 non
668 2657 823 2730 mercaris,
839 2650 986 2714 cruorem?

208 2739 248 2800 At
264 2740 289 2798 si
302 2746 459 2816 cognatos,
477 2737 556 2798 nullo
567 2747 664 2797 notura
675 2737 774 2797 labore

83 2887 89 2891 ,
210 2822 292 2897 Quos
303 2822 354 2881 tihi
365 2821 427 2899 dut,
443 2823 566 2882 retinere
578 2820 651 2880 velis
665 2837 837 2898 scrvesequc
847 2819 966 2895 amicos,

207 2905 312 2966 Infelix
323 2921 439 2983 oporam
451 2904 569 2989 pordes:
580 2913 610 2963 ut
623 2906 649 2964 si
663 2905 727 2983 quis
741 2903 858 2964 asellum
1051 2902 1093 2965 90

92 3003 95 3012 ’
208 2988 242 3049 ln
253 3005 355 3066 cumpo
367 2987 471 3050 docent
483 2996 630 3066 parentem
644 3004 759 3047 currere
769 2987 868 3047 irenis.

207 3072 341 3149 Denique
352 3073 390 3132 sit
404 3072 466 3133 inis
481 3071 646 3151 quaerendi,
664 3088 785 3149 cumque
796 3071 901 3131 hebeno
913 3068 988 3148 plus,

130 3182 134 3190 ·
208 3154 375 3233 Punpcuienr
388 3154 869 3216 metuesminusetlinirclnborem
992 3174 1000 3190 ι

208 3237 349 3317 Incipias,
362 3248 443 3317 porto
455 3237 667 3317 quodminus,
678 3256 715 3298 no
726 3236 814 3298 incius
827 3237 903 3316 quod

209 3320 383 3382 Nummidius
396 3323 516 3402 qnidam.
542 3318 705 3399 Nonlo'nge
716 3321 880 3382 estinbuln:
893 3318 984 3396 diros,
1050 3316 1091 3380 95
