2525 3942
430 283 436 288 ,
508 197 622 306 unna
633 227 657 288 1.

488 433 588 487 ⁰1)ss
599 430 676 486 lx«
732 459 743 480 t

413 567 458 618 hl)
478 564 754 620 Tutntnttcuutt.

249 701 334 762 Vides
345 712 376 763 ut
386 703 442 764 alta
454 713 510 764 stet
524 705 590 763 nive
603 702 751 763 candidum

216 819 218 826 ν
248 788 377 865 Soracte,
390 807 444 847 nec
456 789 509 846 iam
522 789 677 847 sustineant
688 804 759 847 onus

300 871 395 931 Silvae
412 870 584 945 laborantes,
601 870 728 950 geluque
748 891 754 904 ·

350 954 476 1014 Flumina
491 956 668 1014 constiterint
679 951 772 1014 a'cuto.
802 967 806 972 ·

246 1095 380 1168 Dissolve
396 1108 487 1185 frigus
497 1107 573 1184 ligna
591 1125 678 1185 super
688 1106 756 1165 ioco

245 1189 336 1269 Larga
346 1207 500 1271 reponens,
513 1200 597 1269 atque
608 1191 759 1267 benignius

273 1309 277 1313 ·
296 1275 441 1354 Deprome
455 1274 627 1353 quadrimum
642 1275 755 1349 Sabina,
801 1278 804 1287 '

351 1357 375 1417 0
388 1358 562 1436 Thaliarche,
577 1376 684 1418 merum
696 1358 781 1416 diota.

245 1508 377 1570 Permitte
391 1509 463 1569 (hvis
476 1519 581 1586 cetera,
595 1511 644 1588 qui
658 1509 740 1569 simul

246 1593 377 1653 Strnvere
390 1603 491 1653 ventos
503 1611 629 1672 aequore
640 1593 750 1653 iervido

174 1669 178 1680 Χ
203 1735 207 1741 ,
258 1671 260 1678 ’
297 1676 530 1755 Deproeliantes,
548 1695 602 1736 nec
614 1679 745 1754 cupressi

349 1759 411 1820 Nec
427 1769 540 1820 veteres
555 1761 696 1837 agitantur
708 1761 780 1818 orni.

247 1911 322 1986 Quid
334 1912 370 1970 sit
384 1910 506 1972 futurum
519 1930 592 1989 oras,
609 1912 678 1990 iuge
691 1887 886 1990 quaerere,‘et

247 1994 338 2070 Quem
349 1994 422 2055 Fors
436 1995 543 2056 dierum
555 2015 667 2074 cunque
679 1995 765 2072 dabit,
778 1994 858 2056 lucro

294 2078 428 2159 Appone,
440 2099 495 2140 nec
510 2079 608 2140 dulces
620 2098 732 2140 amores
848 2089 853 2096 '

349 2163 458 2241 Sperne
471 2181 552 2242 puer,
565 2182 659 2244 noque
670 2174 699 2224 tu
712 2164 843 2240 choreas,

129 2365 132 2376 ,
243 2313 344 2375 Do'nec
360 2316 461 2376 urenti
474 2319 591 2378 canities
605 2316 688 2377 ahest
769 2336 772 2341 ·

243 2398 367 2459 Morosa.
388 2397 469 2459 Nunc
481 2410 637 2480 etcampus
648 2408 678 2459 et
688 2417 772 2459 areae

115 2531 119 2541 .
293 2481 443 2562 honosque
457 2486 509 2544 suh
525 2494 637 2546 noctem
652 2485 757 2543 susurri

349 2564 513 2646 Composita
524 2576 687 2646 repetantur
697 2567 776 2642 hora,

233 2717 326 2778 ,Nunc
339 2728 367 2779 et
379 2719 492 2779 latentis
501 2715 630 2797 proditor
642 2717 738 2775 intimo

246 2799 346 2884 Gratus
359 2801 472 2881 puollac
483 2805 556 2862 risus
572 2800 606 2860 ah
626 2798 741 2876 angulo,

297 2884 460 2964 Pignusque
471 2886 617 2963 dereptum
628 2882 743 2943 lacertis

350 2970 407 3029 Aut
421 2969 509 3048 digito
524 2967 597 3030 rnale
608 2966 755 3045 pertinaci.

496 3163 641 3172 -—-—-—
