2525 3942
63 229 209 359 ,rann
223 278 250 330 9.
267 274 320 339 ιιι]
454 323 463 337 ,
518 260 688 325 nunni·
1014 260 1076 327 ιιι
1173 359 1178 365 ¹

426 414 759 471 EPISTOMIX

207 552 212 559 -
267 495 328 579 Al>
358 522 646 623 chaonium
656 516 917 579 NERONEM.

109 633 282 712 Septimius,
300 633 417 711 Claudi,
433 600 797 709 nimirumidtelligitunus,

109 715 212 787 Quanti
226 736 273 777 me
283 717 386 777 incius:
403 735 466 777 narn
477 736 541 775 cum
550 725 634 793 rogat
648 726 676 775 et
689 734 776 793 prece
789 716 876 793 cogit,

110 798 228 857 Scilicet
231 808 269 867 ut
279 800 329 859 tibi
341 819 374 860 se
386 799 499 860 laudare
511 809 539 859 et
549 799 661 859 tradere
673 816 770 875 coner,

107 880 232 958 Dignum
241 892 335 942 mente
346 876 488 960 domoque
499 882 621 959 legentis
633 883 753 943 honesta
763 880 895 955 Neronis,
964 889 966 893 ’

108 962 226 1024 Munere
237 982 299 1025 cum
312 966 390 1043 iungi
402 966 544 1047 propioris
557 974 656 1025 censet
668 982 763 1032 arnum
965 1000 968 1005 -
1058 962 1095 1024 d*

109 1046 185 1119 Quid
198 1050 306 1125 possim
317 1048 394 1107 videt
404 1050 527 1108 aenovrt
538 1066 583 1107 me
594 1046 723 1107 valdius
714 1063 790 1124 ipso
1088 1054 1090 1057 ’

108 1128 196 1189 lilulta
212 1130 325 1208 quidem
340 1131 413 1206 dixi,
430 1149 482 1191 cur
492 1140 644 1203 excusatus
655 1131 775 1195 abirem;
865 1180 866 1188 ,
879 1134 882 1150 ¹

110 1211 169 1271 Sed
182 1215 277 1289 timui,
295 1232 358 1275 mea
368 1233 406 1274 ne
420 1214 535 1274 linxisse
546 1216 654 1275 minora
666 1222 791 1303 putarer,

21 1293 24 1296 ’
108 1291 307 1355 Dissimulator
318 1298 383 1373 opis
395 1299 545 1374 propriae,
559 1299 626 1357 milri
639 1282 804 1359 commddus
819 1294 907 1358 uni.

109 1379 159 1437 Sic
175 1394 249 1455 ego,
264 1380 379 1438 maioris
393 1380 506 1455 lugiens
517 1381 671 1457 opprobria
686 1379 797 1455 culpae,
1040 1378 1078 1438 10

109 1459 222 1519 Frontis
231 1460 268 1519 ad
282 1462 406 1520 urbanae
418 1460 554 1520 descendi
566 1464 701 1538 praemia:
723 1458 833 1533 Quodsi

109 1541 280 1620 Depositum
292 1541 390 1603 laudas
402 1544 439 1602 ob
451 1544 533 1602 amici
545 1544 621 1603 iussa
634 1544 781 1621 pudorem,

110 1626 212 1707 Scribe
223 1628 263 1685 tui
275 1627 374 1703 gregis
387 1626 477 1703 hune,
493 1634 521 1685 et
533 1625 635 1685 fortem
652 1624 737 1684 erade
749 1624 919 1701 bonumque.

530 1782 675 1793 ——u—n-

437 1869 685 1931 EPISTOM
713 1877 756 1931 X.

179 1995 181 1999 ’
297 1974 597 2029 AD-FUSCUM
628 1972 894 2027 ARISTIUM.

112 2084 197 2146 Urbis
208 2093 360 2145 amatorem
370 2084 493 2145 Fuscum
504 2084 615 2145 salvere
626 2084 755 2143 iuhemus

57 2180 71 2188 ··
110 2168 195 2228 Ruris
208 2167 365 2244 amatores,
382 2169 435 2229 lrac
448 2171 475 2228 in
487 2186 518 2229 re
532 2164 645 2227 scilicet
654 2184 709 2227 nnn

110 2250 227 2311 lilultnm
241 2249 406 2329 dissimiles,
423 2260 451 2312 at
460 2261 555 2311 cetera
569 2268 659 2328 paene
670 2249 785 2328 gemelli
880 2283 882 2285 ·

109 2333 251 2395 Fraternis
262 2336 361 2395 animis
392 2333 715 2414 quidquidnegatalter,
735 2342 765 2393 et
780 2334 866 2403 alter:
929 2392 933 2397 ,

110 2417 263 2477 :innuimus
275 2420 380 2496 pariter
389 2418 477 2477 vetuli
491 2420 609 2495 notique
621 2417 755 2477 columbi.

104 2498 257 2576 floridum
268 2518 383 2575 servas,
400 2517 456 2577 ego
469 2500 554 2560 laudo
565 2502 638 2558 ruris
652 2500 761 2559 amoeni

94 2582 201 2644 ,Rivos
213 2590 242 2641 et
252 2598 352 2641 musco
364 2580 518 2640 circumlita
532 2599 599 2639 saxa
609 2598 776 2657 nemusque.

111 2664 188 2737 Quid
199 2660 334 2741 quaeris?
347 2663 421 2721 Vivo
437 2672 465 2722 et
476 2679 583 2739 regno,
597 2662 678 2721 simul
691 2665 744 2721 ista
755 2661 857 2739 reliqui

111 2746 193 2820 Quae
203 2762 257 2808 vos
269 2746 303 2805 nd
316 2745 427 2806 coelum
441 2746 550 2804 effertis
560 2762 674 2804 rumore
688 2742 826 2821 secundo,

109 2828 719 2908 thne'sacerdotisiugitirnslibarecoso:

108 2910 184 2973 Pane
198 2928 274 2989 egeo
285 2913 339 2972 iam
350 2910 464 2972 mellitis
475 2913 588 3010 potiore
600 2910 748 2988 placentis.

107 2996 213 3057 Vivere
224 3004 338 3055 naturae
350 2997 375 3054 si
388 2996 592 3054 convenienter
606 3002 731 3072 oportet,

107 3076 315 3156 Ponendacqne
328 3076 413 3137 domo
428 3077 589 3156 quaerenda
600 3086 645 3136 est
655 3094 722 3137 area
738 3077 871 3154 primunr:

92 3162 257 3228 ,Novistine
268 3162 363 3221 locum
377 3152 518 3239 potiorem
528 3178 593 3222 rnre
605 3158 715 3220 beato?
764 3178 772 3189 ·

107 3246 159 3305 Est
168 3245 217 3304 ubi
229 3244 293 3323 plus
305 3254 421 3324 tepeant
431 3245 559 3321 hiemes,
573 3240 621 3304 ubi
637 3246 746 3321 gratior
756 3259 823 3302 aura

108 3328 203 3388 Leniat
219 3338 248 3387 et
258 3329 364 3389 rabiem
378 3328 463 3387 Canis
475 3338 504 3389 et
515 3290 654 3399 rudmenta
665 3326 781 3401 Leonis,
