2525 3942
121 245 254 322 roura]
443 337 446 342 ἱ
516 241 629 305 nmen
649 241 687 303 n.

493 431 596 486 olm
614 431 724 488 xm.

171 538 212 592 IN
228 537 419 599 ARBOREM‚
437 539 547 601 culus
568 539 663 592 CASU
679 539 901 595 REPENTINO
920 542 1044 598 Palania
1100 548 1109 564 “

224 620 227 629 ·
401 606 611 659 OPPRESSUS
630 608 791 664 FUERAT.

226 717 279 779 tlte
294 727 323 779 et
335 718 448 778 nefasto
462 726 492 778 te
503 720 600 796 posuit
611 718 668 795 die,

226 802 406 880 Quicumque
417 803 547 880 primum,
564 810 593 861 et
603 803 745 880 sacrilega
756 821 838 863 manu

271 884 417 963 Produxit',
438 885 584 967 arbosqin
600 895 736 964 nepotum

321 968 480 1029 Pemieiem
491 969 734 1048 opprobriumque
746 969 827 1049 papst

224 1102 307 1165 Illum
321 1105 486 1182 etparentis
496 1101 668 1163 'crediderim
684 1104 729 1162 sui

223 1187 361 1266 Fregisse
373 1188 515 1246 eervioem
527 1195 556 1245 et
569 1185 725 1265 penetralia

258 1264 409 1349 sparsisse
416 1279 554 1331 noetunro
566 1287 668 1329 eruore

323 1353 468 1433 Hospitis;
482 1351 772 1416 illevenenocoleha
807 1357 815 1366 ‘

223 1487 261 1566 Et
275 1487 412 1570 quidquid
424 1505 542 1565 usquam
555 1490 715 1565 coneipitur
725 1488 806 1549 netas

225 1570 377 1654 Traetaviq
390 1589 460 1649 agro
472 1572 520 1649 qui
531 1573 628 1631 statuit
638 1589 703 1632 meo

193 1695 198 1699 ·
270 1653 311 1715 'l'e
326 1656 408 1715 triste
419 1655 537 1732 lignum,
549 1662 579 1713 te
590 1653 728 1714 oadnenm

322 1737 355 1798 ln
367 1737 472 1797 domini
485 1746 571 1815 eaput
583 1739 767 1798 immerentis.

227 1873 302 1948 Quid
318 1874 442 1954 quisque
455 1873 541 1948 vitet,
552 1889 695 1950 nunquam
706 1871 813 1932 homini
829 1871 899 1934 satis
953 1886 958 1890 “
1001 1947 1006 1957 ¹

154 1985 157 1990 ¹
184 1974 191 1982 ’
228 1950 349 2019 Cautum
362 1965 406 2016 est
418 1955 557 2018 inhoras:
571 1954 837 2034 navitoBosporum

270 2041 384 2122 Poenus
396 2040 590 2118 perhorrescit
605 2058 700 2118 neque
720 2037 792 2100 ultra

243 2178 251 2193 ,
309 2123 420 2185 <Caeca
435 2125 515 2189 timet
529 2122 643 2184 aliunde
655 2125 722 2202 iata,

119 2273 125 2277 ·
207 2251 213 2260 ’
226 2258 310 2319 iiiios
322 2260 440 2337 sagittas
454 2267 483 2318 et
499 2257 624 2318 celerem
640 2258 736 2338 fugam
807 2287 815 2328 ;

222 2342 332 2419 Parthi,
352 2350 466 2402 eatenus
482 2340 601 2402 Parthus
614 2350 644 2402 et
654 2338 753 2403 Italum

271 2427 385 2494 Probum
403 2425 455 2486 sed
470 2427 626 2503 improuisa
637 2425 688 2486 leti

320 2508 371 2569 Vis
382 2511 476 2587 rapuit
486 2511 638 2588 rapietque
649 2518 763 2586 gentes.

227 2642 318 2716 Quam
329 2661 422 2723 paene
437 2643 537 2703 furvae
550 2659 638 2720 regna
653 2639 843 2720 Proserpinae

224 2725 261 2788 Et
275 2727 446 2789 iudicantem
456 2725 578 2786 vidimus
593 2725 732 2803 Aeaeum,

272 2811 423 2893 Sedesque
439 2809 579 2871 discretas
591 2811 719 2889 piorum,
738 2817 768 2869 et

179 2939 189 2948 „
321 2895 433 2957 Aeoliis
450 2894 552 2955 fidibus
567 2900 734 2975 querentem

225 3027 341 3108 Sappho
354 3028 458 3108 puellis
474 3028 511 3089 do
525 3027 724 3108 popularibus,
738 3099 742 3102 ,

142 3181 146 3187 Ι
226 3109 302 3174 Ette
314 3122 462 3179 tonantem
478 3112 590 3191 plenius
602 3127 702 3188 aureo,

271 3195 391 3274 Aloaee,
404 3196 515 3276 plectro
527 3196 596 3256 dura
607 3196 700 3271 navis,

321 3279 399 3346 Dura
411 3281 497 3358 fugae
507 3279 590 3356 mala,
611 3278 678 3338 dura
689 3277 773 3339 tellit
