2525 3942
199 198 257 264 rto
378 149 411 276 J
574 154 792 263 suuruuuuu
981 204 1161 281 .[se.e.1

276 353 395 417 Tardius
405 354 559 416 adveniens
572 354 700 412 vitiatum
712 352 905 429 commodius,
918 371 1002 430 quam

276 436 421 517 integrum
442 436 516 497 edax
536 435 666 496 domiuus
679 444 870 496 consumeret.
902 436 1077 499 Hosutiuam

783 522 855 581 iuter

276 603 385 664 Heroas
397 613 491 664 uatum
501 602 588 663 tellus
599 620 645 661 me
658 602 747 681 prima
758 602 883 663 tulisset!

275 688 335 747 Das
347 687 454 766 aliquid
466 686 575 765 famae,
587 704 662 766 quae
673 687 795 746 cormiue
809 688 917 763 gratior
927 704 1025 755 aurem

213 775 254 838 95
277 771 407 849 Occupat
416 768 581 832 humanam?
603 768 732 830 Grandes
743 770 853 829 rhombi
866 772 1034 849 patinaeque

277 853 387 915 Grande
399 855 492 923 icrunt
502 872 557 913 uua
568 872 632 913 cum
643 852 743 913 damno
755 852 890 913 dedecus.
912 851 994 913 uude

275 938 378 1012 iratum
390 938 676 1015 patruum‚·vioiuos,
688 944 718 995 te
729 935 916 1013 tibifiuiquum
994 998 995 1001 Ἴ

274 1020 313 1081 Et
324 1022 426 1081 irustra
436 1021 535 1079 mortis
546 1019 695 1097 cupidum,
709 1036 773 1077 oum
784 1018 874 1100 uicerit
889 1022 984 1095 egenti

276 1103 439 1182 As,iaquei
452 1104 583 1181 pretium.
612 1100 726 1179 ‚‚1urc“
740 1101 1074 1181 iuquit„Trausiusistis
1190 1147 1195 1150 -

193 1195 255 1260 100
276 1184 553 1271 „iurgaturverbim
568 1208 624 1271 ego
636 1186 899 1271 vectigalia-magua

275 1276 477 1355 „Diuitiusque
484 1276 582 1336 'habco
590 1277 681 1336 tribus
692 1276 798 1353 amplas
809 1277 962 1355 regibus.“
981 1274 1071 1353 Ergo,

275 1359 361 1432 Quod
372 1368 504 1437 superat,
516 1376 575 1419 uou
587 1368 632 1419 est
642 1359 743 1419 melius
756 1376 812 1437 quo
825 1362 965 1419 insumere
978 1356 1095 1437 possis?

276 1441 334 1503 Gur
345 1453 414 1521 eget
426 1443 557 1521 indiguus
569 1446 717 1521 quisquam
732 1452 761 1502 te
772 1440 878 1503 divite?
901 1441 996 1517 Quare

274 1526 392 1605 Templa
402 1535 485 1587 ruunt
496 1528 610 1605 antiqua
622 1523 724 1586 deum?
743 1523 815 1603 Cur,
829 1526 975 1605 improbe,
989 1544 1072 1587 carae

193 1607 263 1676 105'
275 1609 339 1670 Nou
350 1610 457 1689 aliquid
467 1612 575 1687 patriae
585 1618 662 1669 tauto
675 1611 799 1671 emetiris
811 1608 936 1669 acervo?

274 1693 329 1754 Uni
343 1696 472 1753 nimirum
481 1694 533 1753 tibi
543 1701 641 1753 rectae
653 1710 767 1771 semper
778 1702 859 1753 eruut
867 1690 935 1753 resi

276 1776 299 1836 0
311 1795 428 1855 maguus
440 1777 561 1856 posthac
572 1778 692 1837 inimicis
704 1776 794 1836 risus!
815 1777 922 1837 Utemc

273 1861 319 1920 Ad
330 1879 413 1920 casus
425 1860 528 1920 dubios
539 1860 606 1919 iidet
617 1861 672 1920 sibi
688 1862 808 1936 certius,
822 1860 868 1919 bic
880 1862 929 1937 qui

273 1942 403 2005 Pluribus
415 1944 540 2004 adsuerit
552 1952 674 2003 mentem
689 1960 852 2021 corpusque
864 1942 1028 2019 superbum,

193 2033 253 2094 110
273 2026 318 2087 Au
329 2030 377 2106 qui
390 2035 539 2089 contentus
550 2043 639 2104 parvo
650 2035 837 2105 metuensque
847 2026 932 2085 iuturi

272 2109 306 2171 br
318 2127 406 2188 pace,
421 2119 453 2170 ut
464 2111 595 2187 sapiens,
611 2112 713 2186 aptarit
723 2109 825 2169 idonea
836 2106 937 2169 bello?

336 2274 402 2348 ouo
414 2276 505 2354 magis
525 2273 700 2351 brocredes,
720 2273 949 2415 puerhupcego
968 2289 1072 2351 parvus

391 2388 394 2393 ·
779 2356 845 2417 Oiel
857 2374 904 2417 um

271 2440 393 2520 integris
404 2439 508 2519 opibus
518 2444 585 2502 ueri
597 2456 654 2501 uon
665 2441 748 2502 latius
759 2459 851 2517 usum,

272 2525 364 2599 Quam
372 2530 448 2587 bunc
458 2526 572 2587 accisis.
593 2524 699 2586 Videas
710 2534 814 2587 metato
826 2526 855 2586 io
867 2523 962 2605 agello

188 2613 249 2676 115
272 2608 344 2671 Gom
355 2624 463 2688 pecore
472 2617 501 2669 ct
510 2612 603 2689 gnatis
613 2609 717 2671 iortem
727 2608 860 2669 mercede
873 2607 1005 2669 colonum
1077 2670 1080 2674 .

272 2693 360 2773 „Non
376 2696 458 2773 ego“
469 2703 627 2755 namautcm
644 2704 776 2771 „temere
788 2694 835 2753 edi
846 2693 911 2753 luce
926 2691 1054 2772 profesta

270 2777 458 2857 „Quidquam
469 2788 583 2855 practer
593 2778 657 2837 olus
669 2778 799 2837 iumosac
809 2795 872 2837 cum
884 2778 958 2855 pede
970 2792 1087 2855 pernae.

272 2862 410 2939 „Acmihi
422 2880 475 2921 seu
485 2860 601 2939 longum
613 2868 680 2938 post
690 2869 802 2937 tompus
813 2857 1049 2943 venerat'hospes

271 2944 364 3023 „Sive
375 2960 495 3022 operum
505 2961 597 3003 vacuo
608 2951 705 3021 gratus
717 2944 837 3002 conviva
849 2959 900 3020 per
914 2944 1032 3003 imbrem

187 3031 250 3095 120
271 3027 426 3106 „Vicinus‚
443 3026 518 3085 bene
529 3036 590 3086 erat
599 3040 656 3085 nou
670 3026 797 3103 piscibus
809 3027 879 3086 urbe
892 3030 999 3105 petitis,

270 3109 354 3189 „Sed
365 3109 444 3187 pullo
454 3117 540 3188 atque
552 3109 657 3179 haeum
672 3118 731 3170 tum
741 3111 860 3189 pensilis
871 3129 926 3171 uva
936 3112 1076 3173 secundas

269 3192 331 3272 „iit
340 3212 398 3254 nux
409 3193 525 3254 emebat
535 3212 647 3255 mensas
659 3211 722 3255 oum
733 3194 848 3274 duplice
860 3196 925 3257 ficu,

269 3277 363 3357 „Post
372 3279 429 3342 hoe
439 3276 522 3340 iuius
535 3286 596 3342 crat
607 3277 690 3359 culpa
701 3287 801 3358 potare
813 3282 955 3359 magistra,
