2525 3942
2 193 287 275 *appetem
510 194 664 257 uuest.
832 204 841 208 ·
959 173 1069 257 'aas
1178 250 1183 261 .

99 343 225 423 levitas,
247 364 284 405 ne
294 354 377 424 torpe
387 344 489 421 sord,
501 364 538 405 ue
549 344 664 410 sordida
674 363 776 424 mappa

32 469 50 475 -
100 426 351 506 Corrugetnares,
374 443 478 486 aenon
489 437 519 487 et
530 430 680 490 cantharus
692 438 721 488 et
735 428 799 489 lanx

99 510 235 571 Ostendat
245 512 295 571 tibi
307 519 351 587 te,
375 529 411 569 ne
424 510 496 570 lidos
508 512 580 571 iuter
590 514 698 572 amieos
734 531 748 561 ’-
768 552 779 592 ;

98 594 140 653 Sit
152 596 200 673 qui
210 593 285 653 diota
296 595 373 655 lotas
384 593 524 660 eliminet;
550 603 580 655 ut
591 602 743 672 coeat-par
820 658 824 669 ,
1028 598 1068 659 25
1145 620 1149 629 =

96 675 288 755 longatus-que
300 678 379 754 pari,
403 676 517 737 Butram
528 679 579 738 tibi
590 679 815 755 Septiciumque,

96 758 133 819 Et
144 761 199 820 nisi
212 776 302 819 eoena
315 761 393 837 prior
403 761 555 839 potiorque
568 761 665 838 puella
677 760 809 820 Sabinum

96 840 228 919 Detinet,
243 860 397 911 assumtum
419 842 502 903 locus
513 853 558 905 est
569 853 598 904 et
610 844 737 922 pluribus
747 842 864 920 umbris,

96 925 156 985 Sed
166 928 458 1003 aimisartapremunt
470 925 563 987 olidae
574 928 706 988 convivia
718 943 831 1005 caprae.
1047 980 1051 987 .

96 1005 154 1084 Tu,
170 1018 274 1087 quotus
287 1025 354 1068 esse
365 1009 456 1084 velis,
471 1011 617 1086 rescribe,
633 1018 662 1069 et
673 1010 759 1070 rebus
775 1012 889 1070 omissis
1026 1012 1069 1073 ³0

3 1102 8 1111 ·
96 1090 174 1152 Atria
189 1092 710 1170 seruantempostieolalleolientem.

497 1267 651 1286 ,-.-......

412 1375 744 1451 memmomvl.

346 1481 878 1561 ausuumuctum„
981 1482 987 1495 ³

2 1649 3 1654 ,
95 1591 142 1653 Nil
154 1592 282 1659 adnisam
294 1606 387 1670 prope
396 1610 445 1651 res
457 1600 502 1652 est
512 1609 581 1667 uua,
596 1590 719 1667 Numici,

94 1675 238 1755 Solaque,
253 1693 327 1753 quae
339 1678 432 1753 possit
447 1674 544 1734 faeere
556 1683 585 1733 et
602 1692 718 1734 servare
734 1675 856 1736 beatum.

29 1791 37 1798 1
94 1759 175 1821 lluue
186 1758 278 1819 solem
290 1768 319 1819 et
334 1757 433 1818 stellas
448 1767 477 1817 et
488 1757 656 1817 decedentia
669 1760 756 1817 sertis

93 1842 236 1922 Tempora
246 1843 410 1918 momentis,
425 1849 508 1917 sunt,
527 1843 575 1919 qui
588 1840 737 1900 formidine
750 1840 826 1901 nulla

92 1924 194 1987 Imbuti
207 1933 353 2004 spectent:
369 1924 437 2005 quid
448 1942 551 1984 oeuses
562 1942 677 1984 munera
688 1921 809 1984 terrae?
1045 1929 1066 1989 o

93 2009 169 2083 Quid
179 2011 264 2069 maris
276 2018 419 2069 extremos
429 2006 538 2067 Arabas
550 2007 663 2067 ditantis
675 2016 703 2067 et
714 2005 821 2071 Indos?

91 2092 211 2152 ludicra
222 2092 306 2172 quid,
321 2090 438 2171 plausus
449 2100 478 2150 et
489 2093 570 2151 amici
583 2090 656 2150 dona
667 2085 811 2164 Quiritis?

28 2194 37 2209 Ι
92 2175 158 2250 Quo
169 2173 324 2256 speetaa'da
334 2174 434 2252 modo,
451 2190 508 2253 quo
520 2192 606 2235 seusu
619 2173 713 2234 eredis
726 2182 754 2234 et
767 2171 841 2235 orel

93 2259 238 2332 Quitimet
248 2260 293 2318 lais
305 2258 442 2333 adversa,
459 2258 521 2319 iere
535 2259 650 2317 miratur
662 2255 774 2334 eodem,

94 2342 158 2416 Quo
171 2344 305 2420 cupiens,
324 2351 422 2419 paeto;
439 2358 527 2421 pavor
538 2351 582 2401 est
593 2343 745 2420 utrobique
756 2338 905 2419 molestias,
1024 2343 1066 2405 10
1117 2344 1122 2351 ⁴

91 2424 250 2505 lmpmvisa
261 2425 344 2484 simul
357 2428 472 2503 speeies
485 2433 610 2484 exterret
621 2434 780 2502 utrumque.

92 2507 219 2570 Gaudeat
230 2526 265 2567 aa
277 2506 390 2583 doleat,
404 2510 500 2583 eupiat
510 2515 668 2583 mutuatae,
685 2507 752 2584 quid
763 2507 797 2565 ad
810 2518 881 2583 rem‘,

92 2590 141 2661 Si,
157 2584 295 2664 quidquid
310 2583 383 2642 vidit
396 2586 496 2644 melius
509 2588 628 2661 peiusve
643 2606 693 2647 sua
708 2606 777 2665 spe,

19 2660 22 2665 ’
91 2670 205 2729 Delixis
216 2666 310 2729 oeulis
325 2668 475 2744 animoque
491 2676 520 2727 et
534 2684 656 2744 corpore
675 2667 793 2747 torpet?

91 2751 187 2811 lusani
202 2750 315 2828 sepiens
329 2766 432 2808 nomen
445 2749 534 2825 ierat,
552 2768 661 2826 aequus
677 2752 783 2829 iniqui,
1026 2751 1066 2813 15

93 2832 173 2894 Ultra
187 2850 270 2911 quain
282 2833 351 2892 satis
367 2840 410 2891 est
425 2834 556 2899 vimutem
571 2834 595 2892 si
610 2841 691 2911 petat
707 2836 805 2912 ipsam.

7 2913 8 2941 ¹
91 2916 105 2978 l
121 2934 213 2992 naue,
229 2924 378 2994 argentum
393 2924 422 2974 et
439 2934 560 2977 inermos
576 2926 657 2975 setus
671 2934 793 2994 ueraque
810 2926 838 2976 et
854 2926 928 2981 artes
997 2984 1000 2989 Α

92 3001 233 3078 Suspice,
249 3017 311 3059 oum
326 2999 445 3077 gemmis
463 2997 565 3075 'lysios
580 3000 683 3059 mirare
700 2998 829 3069 eolores;

93 3082 192 3144 Gaude
211 3081 286 3162 quod
302 3091 434 3160 spectant
448 3082 522 3143 oeuli
538 3091 566 3140 te
580 3082 656 3143 mille
673 3082 836 3161 loquentem
847 3106 866 3161 ;=

17 3197 29 3219 ··
93 3168 206 3227 Gnatus
221 3183 302 3225 mane
320 3165 412 3224 lorum
427 3174 457 3224 et
475 3167 653 3244 vespertinus
667 3176 736 3246 pete
745 3175 876 3243 ,testum,
1027 3146 1067 3225 20

93 3249 136 3310 lle
150 3248 213 3329 plus
230 3248 363 3308 lrumeuti
378 3246 519 3309 dotalibus
535 3257 642 3309 emetat
656 3249 732 3327 agris

861 3331 919 3391 14*
1047 3369 1051 3377 ι
