2525 3942
97 243 111 278 ι
171 233 258 292 nnvr
469 231 516 278 on
539 231 622 278 vroh
644 231 689 278 ar
711 230 865 280 scamnis
1067 256 1070 267 -

172 405 254 464 quum
270 391 392 448 Graecos
409 393 545 463 iacerem,
567 398 647 449 natus
664 409 744 447 mare
761 391 847 459 citra,
868 391 1051 462 Versiculos,
1074 392 1161 448 uetuit

89 479 91 484 ‘
171 476 220 532 tali
237 488 280 530 me
297 492 367 531 voce
379 475 518 542 Quirinus
534 475 606 530 etc.’
628 505 672 518 ·-
692 476 742 531 His
764 480 854 530 antem
869 475 971 530 studiis
994 475 1063 552 dum¹
1076 481 1161 531 totum

172 572 203 614 se
221 560 268 615 dat
283 559 409 628 iuuenis,
426 558 512 615 ‘dura
530 575 590 614 eum
607 575 737 614 emovere
750 559 815 613 loco
831 560 956 629 tempora
970 565 1068 628 grato,
1086 558 1161 613 Civi-
1247 562 1248 627 ξ

171 642 262 713 lisque
279 644 374 698 rudem
388 644 456 698 belli
472 643 536 697 tulit
553 649 647 698 aestus
664 643 692 696 in
708 657 800 709 arma,
818 639 950 697 Caesaris
965 641 1087 711 Augusti
1107 641 1159 696 non

169 741 340 798 responsura
361 725 497 783 lacertis'-
509 723 612 800 (llpist.
630 726 705 794 lna,
719 729 754 780 46
768 719 873 797 seqq).
919 724 1026 780 Etenim
1044 725 1079 778 bl.
1093 726 1161 780 Bru-

170 815 214 864 tus
230 825 311 880 quum
327 817 392 882 post
412 810 474 865 lulli
493 809 623 866 Caesaris
644 823 741 863 necem
756 824 851 862 mense
866 807 1024 878 Septembri
1043 825 1067 863 a.
1091 826 1117 864 u.
1135 825 1158 862 o.

168 895 223 950 710
235 893 264 946 in
278 893 421 951 Graeciam
436 893 610 960 traiecisset,
632 892 767 947 adversus
785 904 851 959 eos,
874 891 921 961 qui
938 891 1112 963 reipublicae
1127 891 1161 946 li.
1201 921 1205 925 >

169 976 272 1032 bertati
288 983 343 1032 turn
359 977 473 1032 exitium
491 973 699 1042 minitarentur,
722 972 826 1029 bellum
847 979 1010 1045 paraturus,
1031 975 1159 1044 Athenis,
1202 964 1205 972 ’

169 1059 217 1114 uhi
232 1051 427 1130 philosophiae
440 1058 558 1113 studium
570 1058 732 1125 simulabat,
746 1057 864 1112 iuvenes
877 1057 1033 1125 Romanos,
1050 1059 1090 1113 ihi
1102 1065 1159 1112 stu-
1220 1066 1225 1076 ‘

169 1141 277 1196 diorum
294 1157 397 1196 caussa
409 1146 571 1210 versantes,
594 1141 623 1195 in
639 1141 682 1196 his
700 1140 846 1195 Ciceronis
862 1140 947 1197 lilium
965 1147 994 1195 et
1007 1141 1159 1208 Horatium,

169 1224 225 1280 sibi
248 1224 401 1280 coniunxit.
453 1223 531 1278 Hunc
553 1225 675 1280 fortasse
693 1224 808 1295 primum
832 1225 867 1278 de
888 1223 962 1278 lacie
986 1232 1160 1294 cognoverat
1186 1241 1190 1244 ·
1234 1278 1236 1281 .

169 1308 242 1378 apud
259 1307 470 1363 Theomnastum
485 1304 697 1382 Academicum,
713 1323 825 1377 querna
841 1308 925 1362 Bruto
940 1323 991 1378 per
1007 1308 1077 1362 illud
1091 1313 1159 1362 tem.
1239 1328 1241 1331 ·

86 1445 90 1456 f
168 1407 220 1462 pus
242 1391 363 1446 auditum
385 1407 450 1446 esse
468 1395 563 1446 narrat
582 1391 743 1445 Plutarchus
763 1391 792 1444 in
815 1391 899 1445 Bruto
921 1407 945 1444 c.
968 1395 1011 1446 24.
1062 1391 1158 1461 ltaque

166 1470 249 1529 'initio
265 1474 328 1528 anni
347 1477 395 1531 711
413 1474 560 1543 Horatius,
582 1474 707 1539 ‘calidus
727 1471 855 1535 iuventa'
880 1470 1159 1546 (0d.111,14‚2s)‚
1214 1487 1219 1494 ·

167 1557 285 1612 Athenis
309 1545 416 1614 relictis
439 1574 499 1614 cum
515 1559 599 1613 Bruto
620 1557 736 1628 primum
756 1557 784 1611 in
805 1555 994 1612 Macedoniam
1015 1557 1159 1626 proiectus

168 1653 232 1718 mos
251 1641 279 1696 in
295 1640 539 1710 Asiam‘lraieoit,
563 1639 610 1696 uhi
628 1657 716 1710 usque
737 1640 773 1695 ad
793 1647 927 1696 aestatem
943 1639 1007 1694 anni
1023 1655 1049 1692 ra
1066 1655 1090 1692 e.
1108 1643 1160 1697 712

167 1724 395 1794 expeditionibus
410 1731 505 1781 contra
521 1725 621 1794 Lycios
639 1724 767 1794 aliosque
781 1724 901 1794 populos
916 1723 1028 1777 aBrnto
1043 1739 1160 1794 suscep·
1247 1742 1249 1747 ·

166 1807 202 1861 tis
218 1806 380 1864 interfuisse
394 1806 530 1880 putandus
547 1813 597 1862 est.
634 1805 701 1861 Nam
720 1807 773 1861 elsi
785 1807 927 1862 Horatium
941 1805 970 1859 in
984 1805 1055 1860 Asia
1070 1805 1160 1861 luisse
1213 1875 1226 1886 .

109 1919 112 1922 -
167 1903 303 1960 nusquam
315 1891 420 1946 diserte
437 1897 580 1958 narratur,
599 1889 697 1958 colligi
713 1895 803 1944 tamen
818 1890 847 1945 id
863 1893 957 1959 potest
973 1888 1066 1943 multis
1082 1905 1099 1944 e
1115 1890 1158 1945 lo-

167 1973 226 2040 cis,
249 1973 348 2042 quihus
364 1974 510 2042 regionum
533 1978 561 2026 et
576 1973 701 2026 locorum
715 1971 801 2026 Asiae
818 1970 1023 2042 descriptiones
1041 1977 1096 2027 tam
1111 1989 1158 2031 aa·

76 2114 86 2121 ,
167 2061 280 2110 curatae
296 2055 489 2126 reperiuntur,
513 2062 543 2109 ιιι
560 2055 669 2109 illarum
690 2054 817 2109 notitiam
838 2071 874 2108 ex
889 2070 943 2109 una
965 2054 1040 2123 fama,
1058 2061 1087 2121 et
1107 2072 1157 2112 au-

153 2137 273 2192 ‘ditione
296 2137 446 2193 ueletiam
472 2137 630 2197 electione
653 2138 789 2193 librorum
812 2136 925 2193 haurire
949 2137 999 2191 vix
1023 2139 1156 2208 potuerit.

147 2219 225 2273 ¹Huc
245 2237 314 2291 prae
335 2221 439 2297 ceteris
459 2220 602 2276 retulerim
623 2220 712 2290 Epist.
733 2220 761 2288 l,
783 2226 833 2288 ll,
855 2235 910 2291 quc
932 2220 996 2276 loco
1019 2237 1079 2275 enm
1103 2222 1158 2277 alia

165 2303 251 2358 Asiae
272 2303 374 2375 opp'ida
395 2309 450 2358 tum
469 2304 606 2372 Lebedum
623 2320 665 2359 rs.
684 2306 700 2360 7
722 2303 761 2357 ita
780 2303 930 2372 describit,
956 2310 986 2358 ut
1006 2303 1097 2375 ipsum
1117 2305 1158 2360 ibi

166 2385 255 2440 luisse
270 2386 332 2440 iure
348 2387 503 2442 existimari
516 2387 621 2458 possit;
641 2386 743 2441 deinde
758 2385 985 2457 Hellespontum,
1004 2404 1085 2458 quem
1097 2405 1159 2442 cum
1247 2390 1248 2429 ἓ

167 2465 292 2524 eiercitn
314 2469 442 2539 traiecit,
466 2469 553 2541 Epist
572 2470 601 2538 Ι,
615 2474 652 2538 3,
667 2472 686 2526 t
699 2469 744 2524 his
761 2470 856 2524 verbis
871 2469 940 2539 ‘per
962 2470 1032 2526 ireta
1049 2471 1158 2530 vicinas
1194 2537 1200 2543 ,
1247 2474 1248 2481 ’

166 2553 238 2606 inter
250 2554 389 2610 currentia
403 2551 513 2608 turres'
527 2553 566 2608 ita
579 2553 729 2622 significat,
741 2558 772 2606 ut
783 2552 846 2623 ipse
862 2551 1021 2608 oculis‘suis
1032 2560 1158 2608 naturam

166 2635 249 2690 maris
266 2642 294 2690 et
308 2636 432 2692 littorum
449 2636 610 2707 inspexisse
623 2635 761 2706 putandus
771 2634 817 2689 sit.
832 2634 959 2706 Denique
972 2636 1031 2691 Sat.
1045 2637 1073 2705 l,
1089 2638 1105 2692 7
1121 2636 1159 2691 li-

165 2724 221 2772 tem
236 2717 409 2775 Clauomenis
427 2736 521 2784 coram
536 2720 612 2774 Bruti
628 2719 761 2774 tribunali
780 2724 869 2775 actam
882 2724 937 2774 tam
952 2719 1057 2775 vividis
1078 2719 1158 2774 colo-

165 2801 243 2856 ribus
260 2801 411 2872 describit,
429 2809 459 2857 ut
473 2803 535 2873 ipse
551 2819 611 2858 eam
625 2803 766 2858 audiverit
784 2817 903 2857 necesse
917 2803 964 2856 sit.
1009 2801 1158 2857 Praeterea
1247 2866 1248 2877 χ

164 2883 262 2951 verba,
281 2899 352 2953 quae
368 2886 469 2948 scribit
483 2885 613 2946 Horatius
630 2884 665 2939 ad
679 2884 838 2955 Pompeium
850 2884 987 2953 sodalem,
1008 2882 1087 2939 ‘cum
1101 2901 1159 2954 quo

165 2971 316 3021 morantem
330 2983 416 3038 saepe
428 2968 501 3022 diem
518 2983 594 3022 mero
610 2965 770 3037 fregerat',
792 2967 938 3036 0d.·11‚7,
955 2972 970 3022 l
987 2964 1028 3022 ‘0
1049 2981 1160 3038 saepe

164 3063 269 3104 mecum
290 3054 397 3120 ternpus
418 3051 446 3106 in
468 3050 590 3104 ultimum
604 3051 730 3110 Deducta
745 3052 829 3106 Bruto
848 3050 966 3106 militiae
984 3051 1072 3106 duce'
1096 3068 1162 3106 eum

163 3138 229 3204 post
243 3132 318 3196 Bruti
336 3133 491 3188 discessum
505 3149 560 3188 non
577 3133 694 3188 inertem
709 3133 827 3189 Athenis
845 3124 1008 3203 delituisse,
1028 3135 1080 3189 sed
1095 3135 1161 3210 diu·
1247 3142 1248 3145 ’

86 3251 89 3260 s
164 3215 219 3270 tius
239 3215 267 3270 in
283 3216 366 3272 armis
384 3217 472 3272 luisse
495 3220 523 3270 et
543 3217 651 3288 pluries
672 3223 736 3272 ante
758 3215 899 3272 exitialem
920 3217 993 3287 apud
1012 3217 1160 3288 Philippos

122 3341 127 3345 .
163 3296 283 3370 pugnam
297 3299 394 3355 mortis
411 3298 544 3372 periculis
560 3316 591 3354 se
607 3298 749 3355 obiecisse
764 3304 910 3355 testantur.
955 3298 997 3354 llx
1009 3300 1080 3356 Asia
1100 3299 1182 3369 igi-,

163 3387 209 3436 tur
228 3381 462 3439 reversus‘hcllo
483 3381 668 3456 Philippensi,
696 3384 803 3438 emelim
823 3398 842 3436 o
864 3379 906 3434 M.
926 3381 1018 3438 Bruto
1036 3385 1162 3454 impere-
