2525 3942
494 243 704 295 mensuro.
1045 243 1094 292 XV
1181 266 1185 272 ·

100 407 209 466 bromio
224 413 253 461 et
267 405 432 462 Kirclrnoro.
470 403 618 460 ticioekes
628 435 631 440 ·
643 403 677 463 St
687 419 758 459 raro
772 404 886 471 oevilat,
909 419 1000 476 quom·
1011 419 1094 460 sccu-

101 499 143 550 tus
165 496 210 546 est
230 489 332 558 Pauly;
360 493 477 558 uterquc
499 488 581 543 etiam
602 503 645 544 vs.
661 492 682 546 t
699 494 731 544 ol
746 489 816 558 ipris
831 503 883 560 pro
898 487 940 543 ,41
960 489 1037 558 ipsiu.
1050 513 1096 528 -·

101 573 170 632 tttd
182 587 225 630 vs.
238 577 275 630 93
286 587 347 626 cum
360 562 541 629 Stalllaaumio
557 576 587 626 ct
598 570 714 640 Paulyio
726 571 837 626 restitui
846 572 954 640 periret
963 586 1016 643 pro
1022 585 1090 641 perv

103 659 171 713 isset.
187 683 232 697 -··
245 655 315 710 itit.
331 671 373 710 vs.
391 657 441 713 iil
454 669 507 724 pro
521 653 595 709 unde
611 653 760 725 Oetopa'm
775 655 851 725 qood
865 654 993 710 omnibus
1008 653 1092 710 codd.

101 756 153 796 scr.
170 745 199 794 et
212 737 349 794 Prisciani
367 731 426 810 (18,
443 741 468 794 t.
487 736 516 791 T.
533 737 567 792 11.
584 754 611 809 p.
629 741 684 796 104
698 733 764 810 tte.)
785 737 945 817 testimonio
959 739 1093 804 firmatur,

100 823 226 878 iieineke
243 820 370 877 Horkelii
392 819 580 876 coniecturam
602 821 715 876 edisio
737 826 896 876 contextum
916 820 1033 892 recepit.
1049 845 1095 860 -·

101 905 169 960 ibid.
186 921 228 960 vs.
243 907 291 962 151
306 901 434 958 diciueko
450 918 510 958 cum
520 902 649 960 Bentleio
664 904 790 976 epaucis
802 919 858 958 non
869 902 991 974 optimae
1007 909 1093 959 notae

102 987 245 1048 codicibus
267 986 376 1058 recepit
393 999 554 1054 perecmne.
570 1013 614 1027 -
634 987 706 1042 tttd.
724 1003 825 1045 versus
849 991 903 1044 163
921 987 957 1042 alt
972 983 1093 1058 iiaoptio

101 1070 178 1126 uncis
201 1069 342 1138 inclusus,
364 1069 534 1126 nileioekio
549 1069 577 1124 in
600 1070 753 1140 marginem
768 1071 911 1140 relegatus
933 1069 1093 1126 defenditur

102 1169 177 1208 more
203 1157 348 1224 poetarum
372 1157 496 1209 vetorum
522 1169 589 1208 suos
609 1168 710 1209 versus
735 1153 808 1226 aptis
834 1153 907 1208 locis
934 1152 1090 1224 repetendi.

30 1291 31 1294 ,
100 1236 233 1292 Videatur
256 1234 394 1292 Obbarius
415 1235 451 1292 ad
472 1235 567 1292 Horat.
584 1235 673 1308 Epist.
694 1237 726 1306 1,
750 1244 783 1305 1,
797 1240 840 1295 56.
862 1235 891 1290 P.
907 1237 929 1292 1.
945 1253 973 1308 p.
989 1241 1033 1296 13.
1049 1261 1094 1278 --

101 1319 169 1376 lbid.
188 1335 230 1374 vs.
247 1323 298 1378 191
313 1317 415 1374 retinui
431 1319 597 1390 scripturum
612 1319 779 1391 optimorum
798 1319 899 1389 titus,
920 1319 950 1374 io
972 1319 1039 1374 edit.
1055 1318 1090 1373 V.

101 1408 256 1473 receptam,
271 1401 405 1456 reducere
416 1401 501 1456 Troia
516 1419 568 1474 pro
584 1403 734 1470 deducere,
751 1401 1094 1474 pseudoconstitutum,

102 1485 238 1552 Kirchoer
255 1484 291 1540 al.
305 1513 349 1526 --
374 1484 444 1541 lbid.
462 1502 504 1540 vs.
522 1489 574 1544 116
589 1487 709 1542 adeunt?
730 1485 802 1541 Seni
815 1490 847 1540 ul
858 1492 935 1540 mle
952 1485 1092 1540 eduobus

101 1567 224 1625 Blandio-
248 1567 368 1639 aliiaquc
392 1567 474 1624 bouis
492 1569 573 1626 codd.
600 1569 628 1624 io
654 1569 721 1626 edit.
736 1570 771 1625 V.
787 1569 906 1641 scripsi3
934 1569 984 1624 aiii
1009 1570 1092 1623 renate

102 1657 186 1710 oreta.
200 1678 245 1692 -
256 1651 327 1706 ibid.
344 1667 385 1706 ua.
401 1655 453 1710 276
469 1668 511 1723 sq.
530 1664 591 1708 cum
607 1653 790 1709 studiosumio
804 1659 870 1723 post
882 1658 1011 1707 semidae
1026 1651 1091 1708 colo

101 1733 223 1792 distinxi.
261 1733 390 1790 iieinekc
405 1739 433 1790 et
446 1733 532 1806 Pauly
548 1751 563 1790 e
579 1735 743 1793 coniectura
755 1735 867 1792 Frankii
883 1735 911 1790 in
922 1735 1012 1790 Fastis
1023 1734 1091 1789 lior.

101 1835 127 1889 p·
149 1822 200 1877 115
224 1817 385 1872 ediderunt:
415 1824 543 1874 scrutare
564 1819 660 1884 modo,
685 1819 715 1874 a'o
734 1833 816 1890 qoem
834 1817 954 1872 Hellade
975 1824 1029 1873 etc.
1049 1843 1094 1859 -·

101 1899 169 1956 ibid.
184 1917 228 1958 vs.
241 1904 293 1958 183
309 1897 420 1956 sc‘rvavi
436 1901 602 1974 scripturam
617 1902 832 1960 coddlilandin.
849 1901 1022 1972 aliorumque
1038 1915 1093 1972 pro

102 1982 245 2050 Qulddum.
279 1982 338 2040 Sed
353 1984 427 2040 haud
443 1984 504 2040 scio
520 2003 554 2042 an
570 1986 796 2056 distinguendum
809 1984 861 2042 sit:
882 1999 982 2051 mmm,
999 1983 1092 2052 Quid?

101 2072 155 2120 tam
171 2071 319 2138 mpetum?
340 2067 445 2122 addetis
459 2063 547 2142 (mich
562 2061 832 2140 sinaites-wic?
849 2069 888 2124 ist
903 2069 976 2126 deno
991 2069 1042 2125 das
1057 2083 1092 2124 ao

101 2165 158 2205 was
174 2141 313 2220 grossos?
333 2147 416 2206 setnt'
432 2167 463 2206 er
478 2152 559 2206 hinnu
571 2179 614 2195 -
624 2153 698 2209 mictu
714 2153 846 2223 sinnigen
861 2152 1013 2208 entreisaet
1029 2152 1092 2208 dem

101 2229 201 2306 Todc).
214 2259 258 2274 -·
277 2231 334 2288 Sat.
350 2237 383 2302 4,
398 2237 433 2291 1³
448 2234 612 2306 scripturam
630 2238 751 2292 omnium
765 2237 901 2292 librorum
914 2237 978 2290 olda
993 2235 1091 2292 ulah-

101 2316 146 2371 nio
169 2317 309 2375 reductum
326 2316 428 2372 retinui
450 2333 503 2388 pro
517 2319 637 2375 Bentleii
659 2319 820 2376 coniectura
835 2320 922 2381 elma.
947 2319 983 2375 alr
1000 2318 1090 2374 omui-

100 2399 151 2454 bus
168 2399 229 2454 iere
249 2404 371 2474 receptu.
387 2427 431 2442 -
456 2400 526 2458 tttd.
545 2419 587 2458 vs.
601 2403 635 2462 37
652 2419 714 2458 cum
728 2403 810 2461 codd.
826 2403 952 2458 Blandin.
968 2401 1091 2472 aliisque

101 2482 212 2552 optimis
228 2483 256 2538 iu
272 2480 338 2541 edit.
350 2483 385 2538 V.
398 2481 509 2540 restitui
523 2499 655 2541 averrere
665 2487 809 2560 pro-vulg.
824 2485 1088 2542 avertere-lbid.

101 2580 142 2620 vs.
156 2569 190 2624 61
205 2581 277 2620 nuuc
294 2564 396 2637 scripsi
410 2567 554 2623 immersus
565 2585 616 2641 pro
631 2571 660 2623 in
670 2583 790 2624 moreto.
802 2595 847 2610 -·
863 2567 921 2624 Set.
933 2576 962 2637 5,
976 2573 1013 2626 90
1027 2584 1091 2624 cum

101 2647 181 2705 codd.
197 2649 323 2704 Blendin.
346 2648 466 2720 aliisque
484 2651 595 2722 optimis
616 2651 727 2706 restitui
743 2651 818 2707 ultro
837 2651 990 2723 proselire,
1014 2649 1091 2720 quod

100 2729 236 2788 Kirchner
251 2732 384 2788 servarit.
399 2760 443 2774 -
458 2733 528 2790 ibid.
541 2751 583 2790 vs.
598 2738 650 2792 tos
662 2735 845 2788 lllceriorore:
862 2738 903 2788 eal
916 2728 951 2807 (i.
963 2749 989 2788 c.
1005 2728 1090 2805 iicet)

100 2813 233 2870 librorum
252 2815 370 2872 omnium
393 2822 422 2870 et
441 2817 530 2874 schol.
545 2817 669 2874 Acronis
688 2817 854 2874 anctoritate
877 2815 956 2877 nisus
973 2815 1088 2872 retinui.

99 2895 242 2967 ticinum,
263 2898 354 2970 Haupt
381 2905 410 2954 et
432 2899 569 2956 Kirchner
594 2899 802 2958 eiraediconii
821 2899 998 2958 coniectura:
1026 2900 1088 2955 illo·

99 2981 195 3034 crena.
220 2995 283 3036 ere
296 2987 343 3038 est.
361 3009 405 3023 -
431 2981 488 3038 Sat.
505 2988 537 3054 6,
556 2987 592 3042 18
612 3000 685 3039 nnnc
705 2983 788 3042 coion
802 2989 868 3056 post
881 2981 1007 3041 Inuidiae
1021 2983 1089 3038 sult-
1196 3031 1199 3035 .

99 3063 182 3121 latum
195 3065 357 3136 posuipost
370 3073 473 3122 noster.
485 3095 528 3104 —
544 3067 615 3124 ibid
633 3084 675 3122 vs.
694 3071 745 3126 1⁰9
758 3067 862 3124 retinui
878 3067 1014 3124 libmrum
1027 3066 1090 3122 iere

98 3147 218 3204 ommuni
232 3154 261 3204 ct
278 3149 490 3208 scholiaslarum
509 3151 676 3222 scripturam
690 3149 901 3221 praelambens,
926 3166 979 3222 pro
1000 3163 1089 3220 quoe
1133 3225 1142 3233 ν

98 3235 216 3299 quotuor
233 3231 379 3289 codicibus
391 3233 511 3302 exiguae
527 3234 702 3290 auctoritatis
713 3233 867 3289 Bentleium
877 3239 990 3291 secutus
1000 3243 1088 3302 pree-

97 3305 184 3368 docus
206 3314 296 3370 edidit
314 3315 461 3371 Kirohner.
475 3345 519 3356 -·-
544 3317 601 3372 Set.
618 3321 652 3386 8,
675 3320 692 3372 4
712 3332 773 3372 cum
785 3316 873 3373 libris
894 3315 1039 3388 plerisque
1060 3315 1091 3365 et

96 3395 207 3470 optimis
219 3397 387 3468 scripturam
401 3398 454 3474 llic
465 3415 517 3471 pro
527 3400 572 3455 Ba
583 3399 638 3456 iarn
649 3399 716 3455 edit.
727 3399 761 3456 V.
775 3403 916 3470 receptum
926 3395 1090 3452 retinui.-
