2525 3942
197 243 258 307 1¹12
584 244 805 305 sermenem
859 210 865 215 ¹
908 203 916 212 ἃ
1043 246 1170 323 [ιιι-ι]

216 398 258 459 50
278 395 332 472 tu,
347 411 405 474 qno
417 397 538 473 quisque
548 396 641 471 velet,
654 404 809 475 suspeetos
819 403 940 471 terrent,
953 404 1041 474 utque

279 476 406 557 Imperet
415 479 473 539 hoe
482 487 580 539 notura
592 488 713 557 potens,
725 480 768 538 siu
784 478 890 555 collige
901 496 1022 538 meeum.

278 561 372 622 Dente
387 561 487 639 lopus,
500 577 588 621 eornu
600 571 697 622 tnnrns
709 564 793 641 petit:
805 561 896 637 unde,
908 563 962 621 nisi
974 564 1048 621 intus

277 642 483 705 llonstrntuml
497 643 624 704 Seaevm
634 647 764 705 mvnoem
775 644 861 703 erede
872 647 971 723 nepoti

277 727 410 788 lintrem:
421 727 461 787 nil
475 727 563 787 faetet
576 727 696 790 seeleris
709 730 755 806 pia
766 727 921 796 dextera;·
936 730 1045 801 mirum,

216 810 256 873 oo
277 810 421 889 oraeque
432 811 514 871 enloe
525 811 610 889 lupus
621 829 792 891 quemquam
802 828 896 887 neque
908 810 993 871 dente
1009 812 1079 889 petit

782 894 894 963 hos;··

278 977 337 1038 Sed
352 975 425 1037 mala
439 976 521 1036 tollet
532 994 614 1036 mum
624 978 722 1036 vitiato
733 975 819 1035 melle
831 978 934 1036 aiente.

277 1060 323 1121 Ne
336 1060 453 1137 longum
466 1058 580 1121 faeiem:
597 1078 649 1119 seu
660 1078 705 1119 me
718 1059 866 1137 tranquillo
877 1068 1010 1121 senectus

277 1142 435 1221 Exspectat
446 1160 499 1202 seu
510 1160 586 1203 mors
597 1144 665 1203 atris
678 1141 861 1202 circumvolat
872 1142 935 1219 alis,

277 1225 385 1302 Dives,
398 1227 498 1304 inops,
517 1226 643 1301 Romae,
656 1244 708 1285 sen
719 1226 780 1285 lors
790 1228 829 1285 ita
840 1227 954 1287 iusserit
960 1264 975 1304 ‚·
983 1227 1075 1303 exsul,

217 1311 259 1371 60
279 1309 418 1387 Quisquis
438 1311 492 1369 erit
506 1304 597 1385 ritrr'e,
621 1309 759 1386 scribam,
782 1309 872 1369 eolor.
906 1308 1028 1373 Trebel.
1051 1310 1075 1371 0

224 1427 228 1431 -
785 1410 872 1471 puer,
886 1402 916 1453 nt
928 1395 968 1453 sis

277 1474 378 1535 Vitalis
390 1485 502 1550 metuo,
518 1485 549 1536 et
561 1478 697 1535 malornm
707 1495 745 1536 ne
756 1479 820 1554 quis
831 1476 937 1536 amiens

278 1557 398 1636 Frigore
408 1567 437 1617 te
449 1558 543 1619 feriat.
565 1558 674 1621 Horat.
698 1558 788 1632 outo,
813 1576 876 1618 oum
893 1569 938 1620 est
952 1557 1075 1619 lucilius

776 1660 871 1703 ausus

277 1725 385 1800 Primus
397 1726 425 1785 in
436 1726 511 1785 lune
522 1726 620 1804 operis
633 1718 806 1803 componere
818 1727 939 1801 earmina
949 1744 1067 1802 morem,

277 1809 436 1869 Detrahere
450 1818 479 1881 et
490 1809 612 1887 pellem,
625 1808 730 1869 nitidus
743 1826 798 1887 qua
810 1810 932 1887 quisque
944 1826 1056 1887 perora

216 1893 256 1953 65
280 1889 413 1966 (lederet,
425 1895 576 1953 introrsum
587 1894 692 1969 turpis:
705 1908 770 1950 num
779 1890 891 1951 Laelius
903 1900 950 1952 ant
960 1895 1008 1969 qni

277 1974 365 2037 Duxit
375 1975 410 2035 nb
421 1992 561 2054 oppressa
571 1976 700 2034 meritum
714 1971 884 2051 Carthagine
898 1992 1011 2051 nomen,

277 2057 397 2136 Ingenio
409 2060 528 2134 eliensi,
544 2066 591 2118 nul
602 2056 682 2116 laeso
695 2055 814 2117 doluere
828 2056 946 2117 lletello

276 2140 464 2219 Famosisque
477 2141 558 2218 ano
571 2147 712 2217 oooperto
727 2138 879 2201 versibus?
899 2141 987 2218 Atqui
1079 2196 1082 2211 ‚

276 2223 417 2285 Primores
428 2224 528 2301 populi
539 2224 656 2301 arripuit
667 2222 862 2300 populumque
873 2224 1007 2299 tributim,

212 2307 256 2368 70
277 2306 395 2368 Scilicet
405 2308 453 2365 nni
467 2323 575 2384 aequus
588 2306 685 2365 virtuti
696 2314 781 2383 atque
798 2308 860 2365 eins
873 2308 981 2367 amieis.

278 2389 352 2463 Quin
363 2389 411 2448 ubi
425 2407 458 2447 se
468 2408 485 2449 a
495 2388 582 2467 vulgo
597 2396 628 2449 et
643 2406 729 2448 soene
743 2390 771 2448 in
783 2396 896 2450 secreta
906 2399 1048 2450 remorant

275 2472 371 2532 Virtus
383 2471 535 2550 Seipiedae
551 2482 581 2533 et
595 2473 670 2531 mitis
681 2474 819 2549 snpientia
830 2471 926 2543 Leeli;

276 2554 384 2633 Nngnri
396 2572 460 2616 enm
470 2556 520 2616 illo
532 2565 562 2617 et
571 2556 703 2616 diseineti
714 2555 828 2630 ludere,
842 2555 935 2617 donee

276 2637 496 2718 Decoqueretur
516 2641 596 2717 olus,
624 2639 712 2700 soliti.
752 2639 895 2719 Quidquid
922 2660 981 2701 sum
1005 2658 1073 2720 ego,

804 2741 910 2783 namus

215 2804 254 2866 75
276 2804 351 2885 Infra
361 2805 451 2867 luoili
463 2824 580 2868 oensnm
590 2742 809 2883 ingeniumqneq,
824 2814 916 2865 tamen
930 2824 977 2865 me

276 2886 348 2949 Gum
361 2892 471 2967 magnis
482 2891 590 2950 vixisse
600 2890 687 2947 invita
698 2887 833 2947 fatebitur
844 2904 935 2964 usque

274 2970 398 3047 lnridla,
410 2981 441 3031 et
450 2972 543 3049 fragili
559 2986 699 3049 quaerens
713 2968 824 3032 illidere
841 2968 963 3046 dentem,

276 3052 408 3113 offendet
418 3054 512 3112 solido
524 3096 533 3111 .
546 3096 554 3111 .
567 3096 575 3111 .
590 3096 598 3110 .
613 3052 669 3111 nisi
679 3050 749 3129 quid
759 3060 807 3128 tu,
829 3050 914 3112 doete
927 3052 1051 3131 Trebati,

273 3135 426 3196 Dissentis.
451 3133 573 3195 Taedet.
597 3132 740 3211 Equidem
760 3136 829 3195 nilril
848 3135 1074 3199 limodiilindere

851 3234 964 3290 ossum;

212 3304 254 3365 80
274 3299 333 3360 Sed
344 3308 436 3361 tenen
447 3307 478 3360 ut
491 3302 613 3361 monitus
624 3317 747 3380 nereus,
761 3320 797 3363 ne
809 3235 884 3363 iogte
898 3304 996 3383 negoti
