2525 3942
196 196 256 258 utu
289 207 298 223 „
575 186 789 250 sunruuuun
1031 187 1153 263 [saun]

134 350 141 358 ’
214 349 260 412 40
275 345 369 423 Atque
382 344 543 416 baeorara,
560 337 639 399 undat
654 336 720 395 dura
733 336 805 394 inter
815 352 904 413 saepe
917 336 1032 411 pericla.

275 427 328 487 llio
339 444 373 487 se
385 426 568 504 praeeipitem
583 428 658 479 teoto
671 417 761 493 dedit,
775 418 824 477 ille
838 417 959 495 flagellis

274 509 317 569 Ad
328 519 447 569 mortem
458 522 575 579 euesus,
588 502 701 579 fugiens
713 502 760 561 bio
771 500 875 561 deeidit
886 518 979 562 aurem

195 597 199 605 '
275 592 449 653 Praedonum
473 590 501 647 in
527 586 648 661 turbam,
685 584 763 645 dedit
791 584 838 644 bio
865 599 917 662 pro
944 601 1067 664 corpore

808 686 948 745 nummos,

274 758 354 819 llune
365 756 571 834 perminxerunt
585 740 716 820 calonem
732 754 799 829 quin
811 754 894 811 etiam
905 751 974 811 illud

211 843 250 906 45
272 840 399 913 lleoidit,
415 846 445 896 ut
461 833 570 894 cuidam
584 844 674 894 testes
687 834 860 913 caudamque
872 835 994 895 salacem
1080 862 1084 872 ⁴

272 925 454 997 Demeterent
469 917 557 977 ferro.
577 913 690 991 „lure“
701 932 814 984 omnem
826 913 913 975 Galba
924 914 1054 991 negabat.

227 1056 230 1065 .
273 1006 369 1066 Tutior
384 1012 413 1062 ut
430 1009 534 1079 quanto
546 1018 625 1059 merx
636 1010 680 1060 est
697 1001 724 1059 in
736 1000 830 1060 alasse
841 1000 975 1077 secunda,

139 1090 153 1105 “
270 1088 470 1149 libertinarum
481 1083 562 1160 dieo,
579 1082 727 1143 Sallustius
740 1086 849 1162 inques
980 1124 985 1155 ,
1108 1142 1112 1148 ,

271 1170 333 1231 Non
350 1172 440 1229 minus
452 1170 554 1227 insanit
568 1182 650 1245 quam
662 1170 711 1245 qui
722 1168 897 1228 mouebatur.
918 1167 956 1229 At
967 1172 1013 1230 bio
1030 1172 1065 1248 si,

207 1256 248 1317 50
270 1253 331 1325 Qua
341 1270 404 1328 res,
421 1266 476 1329 qua
485 1253 559 1327 ratio
569 1250 720 1328 suaderet,
739 1269 854 1330 quaque
868 1251 998 1312 modeste

268 1334 400 1395 blunilleo
413 1352 478 1394 esse
490 1333 573 1410 lieet,
586 1334 675 1394 vellet
685 1335 777 1396 bonus
788 1344 873 1414 atque
886 1335 1025 1414 benignus

266 1414 361 1495 Esse,
378 1417 458 1480 daret
470 1427 602 1495 quantum
613 1420 682 1477 satis
694 1427 790 1495 esset,
806 1436 861 1480 nee
871 1419 926 1479 sibi
944 1419 1042 1479 damno

266 1500 467 1581 Dedecorique
478 1501 563 1561 iuret.
581 1500 687 1562 Vemm
699 1502 755 1563 boe
766 1520 798 1563 su
809 1502 986 1581 amplectitur
997 1520 1062 1579 uno,

265 1583 330 1644 lloe
340 1594 414 1645 amat
425 1593 454 1645 et
464 1584 568 1664 laudat,
578 1584 760 1663 „Matronam
772 1585 874 1646 nullam
885 1604 942 1663 ego
954 1596 1037 1663 tango
1048 1589 1080 1645 :⁶⁴

203 1667 243 1727 55
265 1667 303 1728 Ut
317 1668 457 1745 quondum
467 1667 624 1745 Marsaeus,
639 1678 745 1731 amator
756 1669 881 1747 Originis
894 1669 953 1746 ille,

267 1749 323 1824 Qui
337 1754 455 1830 patrium
466 1754 567 1813 mimae
580 1753 665 1815 donat
677 1753 849 1832 fundumque
859 1752 1026 1831 Laremque,

265 1832 337 1911 „Nil
358 1835 442 1907 fuerit
465 1837 533 1894 rni“
554 1838 645 1915 inquit
668 1854 761 1913 „eum
787 1836 921 1896 uxoribus
943 1854 1063 1914 unquam

811 1919 945 1977 alienis.“

265 2001 370 2061 Verum
384 2011 429 2063 est
440 1990 504 2061 enm
515 2004 621 2074 mimis,
639 2010 684 2060 est
696 2019 758 2061 oum
770 2001 976 2077 meretricibus,
989 2002 1063 2062 unde

264 2083 350 2146 Fama
372 2085 474 2146 malum
494 2087 609 2162 gravius
632 2102 715 2163 quam
738 2085 903 2157 restruite.
947 2085 991 2145 An
1013 2086 1063 2145 tibi
1119 2130 1125 2143 ,

486 2175 490 2181 ’
681 2220 685 2227 .
835 2168 945 2228 abunde

202 2255 243 2317 60
265 2252 420 2312 Personam
431 2252 500 2310 satis
511 2260 567 2328 est,
579 2268 636 2311 non
647 2250 726 2326 illud,
740 2250 877 2330 quidquid
891 2252 997 2331 ubique
1116 2261 1120 2276 '

266 2333 372 2408 Oilleit,
388 2331 516 2394 evitare?
526 2333 634 2394 Bonum
647 2334 806 2412 deperdere
817 2336 928 2411 famam,
1035 2376 1043 2387 ,

263 2416 336 2477 Rem
348 2417 434 2493 patris
449 2416 603 2495 oblimare,
617 2418 724 2478 malum
739 2426 784 2478 est
798 2420 969 2498 ubieunque.
989 2419 1063 2492 Quid
1190 2458 1193 2466 ·

854 2504 943 2567 interr

264 2588 350 2646 estin
363 2593 504 2662 matrona,
520 2586 623 2647 aneilla
634 2604 779 2666 psooesne
789 2584 908 2665 togata?

180 2707 191 2717 -
262 2668 364 2729 Villius
375 2672 404 2728 in
414 2668 518 2731 Fanum
529 2669 626 2731 Sullae
637 2688 737 2749 gener,
749 2671 806 2731 hoo
816 2673 903 2730 miser
913 2687 969 2731 uno

199 2754 240 2816 65
261 2751 544 2832 Numinedeeeptus,
557 2771 666 2832 poenas
678 2754 857 2831 deditusque
869 2770 1014 2831 superque
1144 2795 1148 2799 Δ

264 2838 355 2911 Quum
371 2839 441 2899 satis
452 2847 515 2914 est,
531 2840 635 2916 pugnis
652 2854 753 2896 anesus
764 2835 900 2912 ferroque
912 2838 1027 2913 petitus,
1148 2883 1151 2889 .

261 2920 405 2983 Exolusns
416 2921 499 2996 iore,
513 2938 576 2998 oum
590 2919 775 2995 Longarenus
787 2918 862 2977 foret
873 2920 958 2978 intus.

160 3004 164 3013 ’
262 3004 336 3065 lluiu
348 3007 372 3065 si
385 3003 508 3063 mutonis
518 3002 615 3061 verbis
625 3000 698 3061 mala
709 3009 783 3061 tanta
793 3000 915 3061 videntis

261 3088 380 3150 Diceret
392 3086 465 3146 baeu
487 3086 605 3145 animus.
639 3082 739 3162 „Quid
759 3086 804 3144 vis
824 3082 897 3145 tibi?
920 3084 1060 3166 Numquid

821 3179 944 3247 egoate

199 3256 242 3318 70
262 3252 390 3333 „blugno
403 3262 571 3334 prognatum
587 3254 716 3333 deposco
731 3252 849 3315 consule
861 3271 979 3313 cunnum
