2525 3942
133 183 137 189 ¹
202 225 266 289 eae
532 207 537 211 ’
589 221 852 283 ensuumnuu
1026 229 1129 299 [epu
1142 230 1182 297 ιι

289 377 367 450 Quas
379 376 424 437 bis
436 376 560 453 quinque
572 374 624 433 viri
637 381 802 449 sanxerunt,
822 372 939 434 foedera
949 390 1050 452 regum
1066 430 1068 434 .

195 458 200 472 ’
218 466 266 525 ’25
288 459 342 520 Vel
356 458 454 521 Gabiis
464 457 512 517 vel
524 474 587 515 cum
598 455 698 534 rigidis
710 464 830 535 aequata
841 458 965 533 Sabinis,

288 543 455 605 Pontificum
467 540 574 614 libres,
589 557 696 600 annosa
707 540 848 600 volumina
858 548 953 601 vatum
1047 543 1056 551 “

286 627 407 687 Dietitct
416 624 528 685 Albane
541 622 638 683 Musas
650 626 679 685 in
692 632 787 683 monte
799 622 920 683 lucutas.

288 712 337 785 Si,
351 709 417 788 quia
429 706 602 767 Graecorum
613 715 677 766 sunt
689 708 881 785 antiquissima
894 724 1025 787 quaeque
1092 731 1096 745 ¹

288 794 402 872 Scripta
412 791 461 851 vel
471 792 592 869 optima,
606 790 724 849 Romani
739 798 892 867 pensantur
902 790 1002 865 eadem

218 880 267 953 ⁴30
278 877 459 955 ,Scriptores
464 877 578 942 trutina;
593 890 650 933 nun
661 881 706 934 est
718 873 794 952 quud
806 873 892 935 multa
905 873 1065 953 loquamur:
1144 911 1153 922 ι

287 959 355 1019 Nil
346 969 418 1020 mtra
429 968 474 1019 est
484 957 596 1034 oleam,
613 957 667 1017 nil
668 966 746 1017 extra
757 960 841 1017 estin
852 974 925 1017 nuce
937 958 1011 1025 duri:

287 1042 423 1103 Venimus
434 1042 470 1103 ad
483 1058 619 1102 summum
630 1041 775 1119 fortunae,
789 1042 929 1119 pingimus
942 1050 1025 1119 atque

288 1125 436 1187 Psallimus
447 1134 477 1185 ct
487 1118 625 1184 luctamur
637 1124 755 1184 Achivis
771 1124 882 1184 doctius
895 1127 996 1185 unctis.

184 1240 188 1247 ·
288 1210 319 1268 Si
333 1208 451 1270 meliora
464 1208 541 1284 dies,
557 1216 588 1267 ut
601 1210 681 1283 nina,
701 1214 832 1285 poemata
843 1208 945 1285 reddit,

225 1294 267 1357 85
289 1293 371 1353 Scire
383 1292 487 1368 velim,
503 1252 607 1352 cidartis
619 1292 739 1369 pretium
752 1301 857 1369 quotus
869 1300 983 1369 arroget
993 1310 1091 1353 annus.

288 1376 417 1454 Scriptor
428 1375 530 1436 abhinc
542 1370 635 1435 annos
647 1382 758 1434 centum
771 1378 819 1453 qui
831 1375 952 1452 decidit,
968 1377 1040 1435 inter

287 1458 435 1520 Perfectus
446 1467 621 1537 veteresque
633 1458 733 1519 referri
747 1458 849 1535 debet,
866 1476 901 1519 au
916 1461 989 1519 inter
1016 1470 1022 1489 ‘

286 1538 590 1624 Vilcsatquenuvusi
611 1541 773 1603 Excludat'
764 1545 854 1619 turgia
866 1542 942 1603 fluia!
1034 1543 1042 1557 ‘
1113 1578 1121 1593 ·

287 1632 306 1697 3
325 1626 402 1705 „Est
411 1634 495 1687 vetus
506 1634 592 1705 atque
604 1626 727 1704 probus,
745 1634 856 1687 centum
864 1644 916 1713 qur
909 1626 1039 1705 'perficit
1052 1645 1153 1688 annos.
1157 1632 1180 1665 ‘

223 1712 265 1777 40
285 1716 307 1783 3
322 1710 416 1788 Quid,
433 1728 481 1789 qm
473 1709 616 1787 deperiit
627 1711 719 1769 minor
729 1728 784 1769 unu
796 1728 895 1771 mense
905 1710 952 1771 vel
964 1709 1059 1770 anno?

287 1794 364 1855 luter
375 1810 448 1873 quos
458 1793 626 1854 referendus
638 1791 713 1854 erit?
727 1802 878 1859 veteresne
890 1802 1024 1872 potitae,

273 1866 332 1939 An
343 1897 416 1957 quos
433 1888 462 1939 et
473 1895 611 1956 praesens
625 1886 653 1938 ct
665 1887 782 1955 postera
793 1888 908 1955 respuat
920 1875 1056 1938 aetas?

287 1965 340 2039 3,
343 1961 402 2023 Iste
413 1962 527 2049 quidem
538 1971 652 2023 veteres
664 1963 737 2022 inter
748 1971 869 2039 ponetur
880 1952 1038 2037 honeste,

237 2008 368 2123 ‘„Q’ut
380 2045 427 2107 vel
438 2064 536 2108 mcnsc
549 2046 630 2107 brevi
643 2045 691 2106 vel
702 2055 763 2106 toto
776 2048 839 2105 est
831 2048 923 2105 ruuiur
933 2062 1016 2107 anuo.
1020 2047 1041 2080 “

223 2130 263 2191 45
287 2129 387 2199 9Utor
399 2132 556 2207 pemissc,
573 2128 739 2206 caudaeque
752 2128 826 2207 pilus
842 2140 871 2189 ut
883 2131 1003 2224 equinae

286 2210 421 2271 Paulatim
431 2211 526 2287 vello
543 2220 573 2270 et
585 2210 668 2271 demo
682 2230 782 2287 uuum,
800 2211 883 2273 demo
902 2215 987 2273 etiam
1014 2230 1110 2289 unum,

284 2293 358 2353 Dum
370 2293 915 2372 cadatelususrationeruentisacervi‚
982 2352 988 2357 .

195 2416 199 2421 ‚
267 2376 341 2459 Qut
354 2376 427 2437 redut
435 2376 469 2439 ad
477 2376 567 2437 fastos
580 2384 609 2436 et
618 2378 751 2436 virtutem
762 2380 892 2439 aestumat
900 2398 978 2439 annus

267 2448 458 2539 Miraturque
467 2461 552 2536 nuhd
567 2461 620 2519 nisu
613 2460 711 2540 quud
721 2460 841 2523 Libitina
852 2465 982 2527 swravut

223 2545 264 2605 50
285 2542 409 2630 Enispe,
423 2553 452 2605 ct
463 2546 577 2623 sapiens
589 2552 618 2604 et
631 2544 714 2605 fortis
725 2554 754 2605 et
765 2545 837 2623 aiter
848 2546 999 2623 Humerus,

285 2626 321 2687 Ut
333 2589 423 2687 critidi
435 2629 546 2705 dicunt,
563 2627 666 2687 leviter
676 2646 775 2689 curare
786 2629 906 2706 videtur,

284 2710 349 2783 Quo
364 2714 504 2789 promissa
516 2672 616 2772 addant
628 2720 658 2771 et
669 2716 777 2772 somnia
788 2712 976 2791 Pythagorea.

163 2798 169 2815 '
282 2793 428 2857 Naems
419 2814 448 2856 m
457 2796 585 2856 manibus
595 2810 653 2855 nou
661 2803 709 2883 cst
721 2804 750 2855 et
760 2796 900 2855 mentibus
912 2798 1018 2859 haeret

115 2954 122 2960 .
281 2876 375 2938 Paene
386 2876 509 2939 recens?
523 2878 597 2939 adeu
612 2886 738 2939 sanetum
750 2886 888 2938 estnetus
900 2896 981 2938 omne
994 2887 1132 2956 poema

218 2960 259 3023 55
275 2960 441 3039 Ambigitur
452 2964 565 3042 quotics
575 2969 640 3021 uter
650 2970 712 3020 utro
727 2963 764 3019 sit
776 2962 864 3039 priore
884 2960 976 3022 aufert

281 3042 420 3104 Pacuvius
425 3045 510 3109 docti
524 3044 626 3105 famam
641 3044 736 3120 senis,
748 3043 853 3103 Accius
865 3045 923 3121 alti,

212 3126 392 3188 Dicitur
402 3127 499 3189 Afrani
512 3138 582 3208 tuga
597 3128 767 3188 convenisse
778 3126 943 3205 Menandre,

262 3210 404 3272 Plautus
397 3212 442 3273 ad
454 3212 599 3291 exemplar
613 3211 701 3271 Siculi
714 3226 869 3289 properare
881 3212 1053 3292 Epicharmi,
1146 3252 1155 3261 -

280 3291 403 3359 Vincere
416 3294 559 3357 Caecilius
570 3298 727 3375 gravitate,
745 3292 894 3356 Terentius
905 3305 987 3368 arte.
