2525 3942
469 868 802 954 PRAEFATIO.

219 1135 304 1235 Cum
312 1176 413 1232 abbino
424 1175 613 1248 quinquennio
622 1187 842 1248 aTEUBNERO,
850 1179 1049 1236 honestissimo
1057 1180 1132 1248 viro,

138 1262 175 1317 de
197 1259 303 1315 lloratii
328 1253 469 1330 editione,
492 1277 572 1332 quam
587 1270 641 1318 ιο.
654 1269 733 1320 cult.
751 1271 855 1333 tante,
878 1263 923 1318 vir
941 1263 1131 1331 doctissimus,

138 1344 205 1401 inde
222 1343 257 1398 ab
274 1358 345 1399 anno
362 1348 430 1403 1824
444 1359 534 1415 usque
549 1346 583 1400 ed
599 1363 623 1401 a.
644 1351 713 1406 1850
734 1353 833 1420 qnater
848 1363 950 1406 summa
968 1363 1033 1402 cura
1048 1363 1130 1418 prra-

138 1429 245 1496 visset,
272 1426 363 1483 denuo
388 1428 547 1484 edomanda
567 1432 767 1508 compellatus,
795 1447 892 1486 munus
916 1431 988 1486 illud
1010 1429 1132 1485 libenter

139 1511 346 1583 suscepissem,
361 1511 390 1566 in
405 1528 438 1568 es
455 1529 487 1568 re
502 1513 532 1567 id
547 1513 613 1568 mibi
631 1515 768 1584 agendum
784 1514 959 1583 existimavi,
976 1520 1006 1568 ut
1021 1514 1130 1582 eodem,

140 1611 194 1667 qno
209 1595 270 1664 ille,
285 1594 375 1650 sobrii
390 1595 488 1650 iudicii
505 1597 565 1666 vir,
581 1613 648 1652 usus
667 1606 743 1654 esset
759 1599 880 1654 consilio
896 1597 1047 1668 eademque
1064 1614 1130 1652 cura

139 1686 167 1734 et
182 1678 312 1735 cautione
328 1678 363 1734 ed
378 1685 536 1734 contextum
550 1685 651 1752 poetae
667 1682 866 1738 emendandum
882 1681 1054 1736 secederem.
1099 1679 1129 1734 ln

140 1779 193 1834 quo
212 1761 323 1834 quidem
338 1764 452 1833 negotio
471 1763 509 1819 ita
525 1769 654 1819 versatus
671 1781 745 1835 snm,
761 1771 791 1819 ιιι
807 1763 984 1833 contextum,
1007 1763 1097 1834 qualis
1113 1781 1128 1818 a

138 1847 238 1902 labnio
255 1846 421 1904 constitutus
433 1847 533 1903 eratin
546 1847 670 1903 editione
683 1853 796 1920 quarta,
811 1847 964 1917 diligenter
974 1846 1129 1918 perlustra-

57 1937 65 1946 “
139 1936 194 1986 tum
210 1945 270 1986 cunr
286 1929 460 2000 antiquorum
474 1929 618 2001 librorum,
633 1934 662 1987 et
675 1933 841 2004 scriptorum
858 1936 887 1986 et
902 1930 976 2002 typis
993 1945 1129 1984 excusso-

138 2031 197 2070 mm
222 2014 360 2085 scripture
385 2029 589 2087 compararem,
623 2015 937 2086 emendationibusque,
971 2029 1042 2084 qnae
1067 2012 1129 2068 sine

138 2099 239 2154 idonea
256 2113 340 2153 cause
356 2103 384 2152 et
406 2103 503 2154 contra
525 2098 660 2154 librorum
684 2099 848 2172 optimorum
870 2099 950 2154 ildem
971 2097 1000 2152 in
1020 2096 1129 2152 lloratii

140 2187 299 2237 contextum
314 2180 409 2238 illatae
424 2197 514 2252 neque
529 2181 622 2238 labnii
641 2199 726 2255 opero
742 2188 865 2239 remotae
882 2186 992 2250 essent,
1017 2179 1128 2248 eiectis,

138 2281 232 2322 veram
253 2269 371 2337 poetae,
394 2271 524 2336 quantum
539 2282 591 2337 pro
608 2267 797 2322 subsidiorum
810 2266 919 2321 ratione
936 2263 995 2319 lieri
1019 2268 1129 2335 posset,

139 2349 303 2421 scripturam
318 2349 503 2404 restituerem.
532 2348 627 2420 Neurus
642 2365 712 2406 vero
729 2355 876 2406 contentus
890 2348 927 2403 iis
944 2345 1045 2418 copiis,
1060 2361 1129 2416 ques

140 2433 265 2505 quemvis
288 2433 382 2502 largas
397 2433 508 2504 priores
534 2431 642 2489 Horatii
665 2433 790 2489 editores
816 2430 1047 2504 suppeditabant,
1073 2427 1129 2484 alia

139 2517 221 2574 etiam
237 2515 405 2587 exemplaria
422 2515 542 2588 scripta,
560 2531 674 2587 quorum
692 2517 849 2589 scripturae
864 2514 1043 2582 varietatem,
1059 2528 1129 2567 nou-

140 2590 199 2655 duin
218 2599 247 2654 in
263 2599 353 2654 lucem
370 2599 487 2668 editam,
510 2599 545 2656 od
567 2615 662 2656 manus
684 2599 836 2668 habebam,
861 2597 1012 2666 diligenter
1033 2595 1129 2666 perlu-

140 2683 233 2740 strsui.
280 2682 513 2749 Quemadmodum
540 2683 627 2753 igitur
655 2681 699 2737 Jo.
725 2681 788 2738 Gbr.
809 2682 898 2749 lehn,
933 2677 979 2749 qui
1004 2677 1033 2732 C.
1056 2677 1129 2732 Fene

137 2766 199 2822 ltali
222 2771 381 2822 contextum
407 2767 513 2838 primae
540 2765 660 2821 editioni
687 2781 754 2821 suae
780 2764 985 2820 fundamentum
1011 2761 1128 2831 iecerat,

137 2849 263 2920 singulas
280 2849 419 2905 editiones
442 2849 522 2905 novis
542 2849 617 2904 curis
642 2847 774 2906 adhibitis
798 2845 1004 2903 emendatiores
1025 2845 1127 2914 emisit,

111 2933 228 3002 ·et,‚si
248 2933 362 3002 longior
381 2933 463 2989 buius
484 2933 556 2988 lucis
580 2948 662 2988 usuro
685 2933 712 2988 ei
737 2931 920 3002 contigisset,
944 2927 1087 2984 llorrtium
1112 2945 1127 2983 ιι

134 3015 358 3087 corruptelarum
373 3015 504 3072 sordibus
516 3015 605 3086 magis
622 3017 704 3071 etiem
716 3021 863 3088 purgatum
876 3013 1001 3069 edituros
1017 3011 1128 3079 luisset,

132 3097 182 3154 sic
196 3113 254 3169 me,
276 3115 357 3170 quum
376 3100 439 3156 dies
456 3099 530 3155 diem
545 3099 662 3170 doceat,
684 3117 738 3158 non
760 3100 789 3154 in
808 3097 935 3153 omnibus
955 3093 1010 3151 viri
1035 3094 1129 3149 erudi-

131 3181 239 3238 tissimi
266 3183 422 3240 sententiae
444 3183 579 3240 accedere
602 3183 747 3254 potuisse,
771 3182 822 3239 sed
844 3181 907 3253 plus
929 3185 1038 3234 cenmn
1056 3176 1129 3232 locis

128 3265 175 3324 eb
190 3275 223 3320 eo
241 3265 408 3323 discessisse
425 3267 516 3323 libere
531 3267 631 3322 fateor.

223 3349 354 3406 lementn
370 3367 442 3406 noue
457 3355 557 3423 poetae
583 3349 670 3406 editio
687 3348 907 3416 desideraretur,
924 3360 1038 3417 opernm
1053 3341 1130 3410 dedi,

125 3438 167 3491 ιιι
192 3433 280 3488 omnia
303 3435 338 3491 de
364 3434 477 3506 integro
503 3433 705 3502 examinarem,
733 3447 804 3503 quae
829 3431 901 3485 intra
926 3429 978 3483 bos
1008 3426 1130 3495 quinque

881 3518 924 3581 a*
