2525 3942
184 192 254 255 ecc.
541 161 805 253 urusucuauuu
836 176 849 189 “
959 185 1061 263 [epa.
1081 196 1100 247 ι,
1115 192 1155 269 a]
1235 178 1238 183 ·

206 347 248 411 96
272 344 406 420 Oceani,
427 342 519 411 rides:
531 341 557 401 si
568 340 644 400 forte
655 338 793 400 subucula
805 355 898 417 pexae

270 426 347 487 'lbita
357 427 457 487 eubeet
467 426 598 501 tunicae,
611 423 660 483 vel
671 425 696 484 ei
707 432 775 501 toga
787 421 905 495 dissidet
915 423 1015 502 impar,

269 508 373 571 Rides:
386 544 424 555 -
436 508 519 587 quid,
535 525 599 569 mea
610 523 674 566 cunr
686 514 793 585 pugnat
804 507 942 575 sententia
953 524 1061 584 secum,
1177 516 1179 524 ’

270 592 356 668 Quod
367 593 449 671 petiit
459 593 583 669 apernit,
598 592 703 668 repetit
714 589 791 669 quod
801 608 893 668 nuper
909 592 1012 668 omisit,

268 676 388 737 Aestuat
398 683 428 736 et
437 676 516 735 vitae
528 672 707 734 disconvenit
717 672 815 734 ordine
826 681 900 749 teto,
1005 706 1031 749 ,ο

185 760 247 823 100
267 759 377 837 nimiu,
390 757 536 834 aedificat,
550 766 639 817 mutat
651 756 785 836 quadrata
795 753 944 817 rotundis?

267 841 395 904 lucanica
405 850 488 919 putee
498 839 647 901 sollemnia
658 858 704 900 me
718 858 813 918 neque
828 839 916 917 rides,

267 924 331 986 Nec
342 924 446 985 medici
457 924 551 985 credie
566 941 621 984 nee
633 924 770 983 curatoris
782 941 872 1001 egere
995 927 998 934 “

266 1008 436 1087 Apraetore
445 1006 624 1083 dati‚reruur
633 1005 721 1065 tutela
731 1023 855 1066 mearum

92 1156 99 1167 ⁴
268 1089 339 1163 ,tium
350 1091 391 1151 eie
402 1099 432 1150 et
445 1106 534 1169 prave
544 1098 654 1150 sectum
666 1089 852 1150 stomacheris
864 1090 902 1151 ob
913 1106 1036 1167 unguem

184 1179 244 1241 105
265 1173 312 1234 De
325 1182 354 1233 te
366 1170 531 1252 pendentia
543 1180 573 1233 te
583 1172 766 1250 respicientia
778 1174 870 1233 amici.

115 1277 117 1286 ’
264 1255 311 1316 Ad
321 1274 473 1317 summam:
488 1257 605 1335 sapiens
615 1271 672 1314 unc
683 1255 775 1315 minor
785 1263 831 1315 eet
842 1254 929 1333 Iove,
942 1255 1034 1333 dives,
1048 1287 1053 1293 -

212 1333 217 1339 “
264 1338 364 1417 biber,
376 1339 546 1417 honoratus,
560 1338 696 1418 pulcher,
709 1356 761 1399 rex
772 1338 894 1417 denique
904 1356 1014 1419 regern,

265 1421 536 1515 Ppaeeipueeauua‚
551 1422 682 1487 atricum
698 1423 798 1500 pituita
808 1422 928 1483 melecta
940 1430 994 1483 est.
1100 1481 1113 1499 ,

594 1630 736 1643 ψ

498 1775 746 1839 urrerem
763 1782 817 1837 ιι.

475 1889 499 1939 a
516 1888 542 1947 u
575 1888 642 1963 uo
659 1888 682 1939 u
699 1889 722 1940 u
741 1888 754 1940 1
771 1888 797 1941 υ
815 1888 853 1944 uu.

262 2001 376 2067 Troiani
388 2005 457 2067 belli
468 2006 656 2085 scriptorem,
672 2008 793 2069 maxime
804 2004 889 2083 belli,

261 2088 530 2152 Dumtudeclanrae
540 2089 831 2166 Romae‚l’raencete
841 2091 944 2171 relegi,
1066 2158 1068 2161 ,

263 2169 330 2246 Qui,
343 2170 411 2249 quid
422 2173 459 2230 eit
470 2170 628 2247 pulchrum,
645 2171 712 2249 quid
723 2181 823 2249 turpe„
830 2175 897 2252 quid
909 2172 987 2252 utile,
1001 2176 1067 2255 quid
1079 2168 1150 2259 n0u‚'

260 2252 373 2313 Piauiue
384 2270 419 2312 ac
431 2251 532 2312 melius
545 2251 750 2331 Chrysippc'et
761 2251 899 2316 Crantore
911 2256 988 2316 dicit.
1022 2298 1031 2303 -
1139 2266 1143 2271 “

163 2361 168 2367 ·
219 2338 238 2399 b
261 2332 319 2395 Gur
329 2335 368 2395 ita
379 2334 565 2411 crediderim,
582 2336 637 2395 uiei
649 2335 716 2415 quid
726 2345 756 2396 te
767 2336 891 2415 deducta
903 2338 977 2398 audi.

123 2432 128 2441 ’
259 2416 382 2495 Fabula,
396 2436 452 2497 qua
466 2415 573 2488 Paridis
587 2427 707 2497 propter
716 2428 842 2483 narratur
856 2435 996 2485 amorem.

260 2499 381 2562 Graecia
394 2500 540 2561 barbariae
550 2500 628 2561 leuto
641 2502 741 2563 collisa
751 2501 859 2581 duello,

260 2584 414 2654 Stultorum
424 2602 525 2663 regum
535 2594 565 2645 et
576 2585 747 2664 populorum
759 2588 884 2648 continet
898 2596 1003 2649 aestua.

257 2668 387 2729 antenor
401 2676 500 2729 ceueet
510 2668 579 2730 belli
590 2670 757 2749 praecidere
769 2686 898 2733 causam:

195 2750 238 2814 10
260 2751 336 2825 Quid
345 2748 445 2812 Paris?
458 2759 489 2812 ut
499 2750 595 2812 calvus
607 2761 709 2831 regnet
718 2755 974 2833 vivatquebeatus,
1094 2830 1097 2835 ,
1173 2759 1188 2768 “’

259 2833 334 2913 Cogi
349 2852 437 2913 poeee
448 2845 543 2913 cegat.
565 2834 673 2898 Nectar
685 2854 860 2915 componere
871 2839 936 2899 lites
1166 2834 1176 2847 '

258 2916 336 2979 luter
345 2917 463 2979 Peiideu
475 2918 589 2980 ieetiuat
601 2927 630 2979 et
641 2921 714 2982 iuter
725 2920 855 2981 Atriden:
1159 2972 1180 3001 .-

257 3000 339 3060 Huuc
352 3016 448 3077 amor,
461 3003 502 3062 ira
514 3003 628 3081 quidem
641 3004 824 3065 communiter
835 3006 889 3065 urit
902 3014 1059 3087 utrumque.
1110 3080 1112 3085 ,

260 3083 403 3161 Quidquid
414 3083 533 3145 delirant
542 3104 644 3165 reges,
658 3082 939 3166 plectuutdrAchivi.
1151 3098 1154 3103 “

199 3169 235 3228 15
256 3165 419 3244 Seditioue,
432 3167 522 3247 delia,
538 3170 652 3232 scelere
663 3180 747 3251 atque
758 3170 874 3243 libidine
886 3182 915 3233 et
927 3174 968 3233 ira

149 3296 154 3301 .
258 3249 362 3312 Iliacae
373 3252 444 3313 intra
454 3268 550 3314 murce
562 3263 698 3332 peccatur
709 3263 737 3316 et
749 3263 836 3329 extra.
