<?xml version="1.0" encoding="UTF-8"?>
<!DOCTYPE html PUBLIC "-//W3C//DTD XHTML 1.0 Transitional//EN"
    "http://www.w3.org/TR/xhtml1/DTD/xhtml1-transitional.dtd">
<html xmlns="http://www.w3.org/1999/xhtml" xml:lang="en" lang="en">
 <head>
  <title>
</title>
<meta http-equiv="Content-Type" content="text/html;charset=utf-8" />
  <meta name='ocr-system' content='tesseract 3.04.00' />
  <meta name='ocr-capabilities' content='ocr_page ocr_carea ocr_par ocr_line ocrx_word'/>
</head>
<body>
  <div class='ocr_page' id='page_1' title='image "./qhoratiiflaccio02schmgoog_0272.png"; bbox 0 0 2525 3942; ppageno 0'>
   <div class='ocr_carea' id='block_1_1' title="bbox 199 189 1171 285">
    <p class='ocr_par' dir='ltr' id='par_1_1' title="bbox 199 189 1171 285">
     <span class='ocr_line' id='line_1_1' title="bbox 199 189 1171 285; baseline -0.002 -32"><span class='ocrx_word' id='word_1_1' title='bbox 199 189 263 253; x_wconf 80' lang='lat' dir='ltr'><strong>eur</strong></span> <span class='ocrx_word' id='word_1_2' title='bbox 556 190 818 285; x_wconf 77' lang='lat' dir='ltr'><strong>nrrsronnuun</strong></span> <span class='ocrx_word' id='word_1_3' title='bbox 984 193 1171 271; x_wconf 65' lang='lat' dir='ltr'><strong>[spuens]</strong></span> 
     </span>
    </p>
   </div>
   <div class='ocr_carea' id='block_1_2' title="bbox 130 318 949 501">
    <p class='ocr_par' dir='ltr' id='par_1_2' title="bbox 130 318 949 501">
     <span class='ocr_line' id='line_1_2' title="bbox 130 318 949 420; baseline -0.006 -14"><span class='ocrx_word' id='word_1_4' title='bbox 130 405 132 414; x_wconf 84' lang='lat'>.</span> <span class='ocrx_word' id='word_1_5' title='bbox 253 318 256 325; x_wconf 28' lang='grc' dir='ltr'>Ι</span> <span class='ocrx_word' id='word_1_6' title='bbox 282 342 507 405; x_wconf 80' lang='lat' dir='ltr'><strong>bitibidiviuas</strong></span> <span class='ocrx_word' id='word_1_7' title='bbox 523 338 816 420; x_wconf 85' lang='lat' dir='ltr'><strong>dederunl&#39;artemqu&#39;e</strong></span> <span class='ocrx_word' id='word_1_8' title='bbox 828 340 949 401; x_wconf 82' lang='lat' dir='ltr'><strong>fruendi.</strong></span> 
     </span>
     <span class='ocr_line' id='line_1_3' title="bbox 284 424 948 501; baseline -0.006 -14"><span class='ocrx_word' id='word_1_9' title='bbox 284 426 361 501; x_wconf 78' lang='lat' dir='ltr'><strong>outo</strong></span> <span class='ocrx_word' id='word_1_10' title='bbox 369 434 474 486; x_wconf 84' lang='lat' dir='ltr'><strong>voveat</strong></span> <span class='ocrx_word' id='word_1_11' title='bbox 484 424 560 485; x_wconf 92' lang='lat' dir='ltr'><strong>dulci</strong></span> <span class='ocrx_word' id='word_1_12' title='bbox 571 425 709 485; x_wconf 89' lang='lat' dir='ltr'><strong>nutricula</strong></span> <span class='ocrx_word' id='word_1_13' title='bbox 722 426 811 484; x_wconf 86' lang='lat' dir='ltr'><strong>maius</strong></span> <span class='ocrx_word' id='word_1_14' title='bbox 826 424 948 501; x_wconf 85' lang='lat' dir='ltr'><strong>alumno,</strong></span> 
     </span>
    </p>
   </div>
   <div class='ocr_carea' id='block_1_3' title="bbox 108 508 1076 594">
    <p class='ocr_par' dir='ltr' id='par_1_3' title="bbox 108 508 1076 594">
     <span class='ocr_line' id='line_1_4' title="bbox 108 508 1076 594; baseline -0.001 -25"><span class='ocrx_word' id='word_1_15' title='bbox 108 556 114 562; x_wconf 71' lang='grc'><strong><em>,</em></strong></span> <span class='ocrx_word' id='word_1_16' title='bbox 219 576 229 594; x_wconf 28' lang='grc' dir='ltr'>ι</span> <span class='ocrx_word' id='word_1_17' title='bbox 284 510 341 584; x_wconf 83' lang='lat' dir='ltr'><strong>Qui</strong></span> <span class='ocrx_word' id='word_1_18' title='bbox 352 527 457 588; x_wconf 87' lang='lat' dir='ltr'><strong>supere</strong></span> <span class='ocrx_word' id='word_1_19' title='bbox 468 518 497 568; x_wconf 91' lang='lat' dir='ltr'><strong>ct</strong></span> <span class='ocrx_word' id='word_1_20' title='bbox 508 508 561 568; x_wconf 87' lang='lat' dir='ltr'><strong>lari</strong></span> <span class='ocrx_word' id='word_1_21' title='bbox 573 510 668 587; x_wconf 89' lang='lat' dir='ltr'><strong>possit</strong></span> <span class='ocrx_word' id='word_1_22' title='bbox 680 510 882 587; x_wconf 81' lang='lat' dir='ltr'><strong>praesentiat,</strong></span> <span class='ocrx_word' id='word_1_23' title='bbox 908 518 937 568; x_wconf 90' lang='lat' dir='ltr'><strong>et</strong></span> <span class='ocrx_word' id='word_1_24' title='bbox 952 512 998 568; x_wconf 91' lang='lat' dir='ltr'><strong>cui</strong></span> <span class='ocrx_word' id='word_1_25' title='bbox 1074 556 1076 558; x_wconf 87' lang='lat'>.</span> 
     </span>
    </p>
   </div>
   <div class='ocr_carea' id='block_1_4' title="bbox 222 590 1059 1170">
    <p class='ocr_par' dir='ltr' id='par_1_4' title="bbox 222 590 1059 1003">
     <span class='ocr_line' id='line_1_5' title="bbox 222 590 945 670; baseline -0.01 -12"><span class='ocrx_word' id='word_1_26' title='bbox 222 598 263 659; x_wconf 90' lang='grc'><strong>10</strong></span> <span class='ocrx_word' id='word_1_27' title='bbox 284 592 396 670; x_wconf 78' lang='lat' dir='ltr'>Gratia,</span> <span class='ocrx_word' id='word_1_28' title='bbox 415 592 506 668; x_wconf 85' lang='lat' dir='ltr'><strong>lama,</strong></span> <span class='ocrx_word' id='word_1_29' title='bbox 522 590 656 651; x_wconf 83' lang='lat' dir='ltr'><strong>ralemdo</strong></span> <span class='ocrx_word' id='word_1_30' title='bbox 669 592 813 668; x_wconf 80' lang='lat' dir='ltr'><strong>contingat</strong></span> <span class='ocrx_word' id='word_1_31' title='bbox 824 591 945 668; x_wconf 83' lang='lat' dir='ltr'>abunde,</span> 
     </span>
     <span class='ocr_line' id='line_1_6' title="bbox 280 665 1059 738; baseline -0.004 -1"><span class='ocrx_word' id='word_1_32' title='bbox 280 665 780 738; x_wconf 73' lang='lat' dir='ltr'><strong>Etmundus&#39;victusnbndelioieute</strong></span> <span class='ocrx_word' id='word_1_33' title='bbox 795 672 948 735; x_wconf 71' lang='lat' dir='ltr'><strong>crumena?</strong></span> <span class='ocrx_word' id='word_1_34' title='bbox 1050 683 1059 697; x_wconf 73' lang='grc'><strong>“</strong></span> 
     </span>
     <span class='ocr_line' id='line_1_7' title="bbox 281 758 958 838; baseline -0.004 -17"><span class='ocrx_word' id='word_1_35' title='bbox 281 759 359 821; x_wconf 84' lang='lat' dir='ltr'><strong>luter</strong></span> <span class='ocrx_word' id='word_1_36' title='bbox 372 775 635 838; x_wconf 64' lang='lat' dir='ltr'><strong>momentumque,</strong></span> <span class='ocrx_word' id='word_1_37' title='bbox 649 762 767 819; x_wconf 87' lang='lat' dir='ltr'><strong>timores</strong></span> <span class='ocrx_word' id='word_1_38' title='bbox 778 758 852 818; x_wconf 80' lang='lat' dir='ltr'><strong>intc&#39;r</strong></span> <span class='ocrx_word' id='word_1_39' title='bbox 862 766 891 822; x_wconf 77' lang='lat' dir='ltr'><strong>et</strong></span> <span class='ocrx_word' id='word_1_40' title='bbox 902 760 958 818; x_wconf 86' lang='lat' dir='ltr'><strong>iras</strong></span> 
     </span>
     <span class='ocr_line' id='line_1_8' title="bbox 283 841 988 919; baseline -0.006 -15"><span class='ocrx_word' id='word_1_41' title='bbox 283 843 400 904; x_wconf 83' lang='lat' dir='ltr'><strong>Omnem</strong></span> <span class='ocrx_word' id='word_1_42' title='bbox 412 842 499 903; x_wconf 88' lang='lat' dir='ltr'><strong>erede</strong></span> <span class='ocrx_word' id='word_1_43' title='bbox 509 841 584 902; x_wconf 87' lang='lat' dir='ltr'><strong>diem</strong></span> <span class='ocrx_word' id='word_1_44' title='bbox 599 843 650 902; x_wconf 92' lang='lat' dir='ltr'><strong>tibi</strong></span> <span class='ocrx_word' id='word_1_45' title='bbox 658 842 798 901; x_wconf 79' lang='lat' dir='ltr'><strong>diluxisse</strong></span> <span class='ocrx_word' id='word_1_46' title='bbox 810 858 988 919; x_wconf 84' lang='lat' dir='ltr'><strong>supremum:</strong></span> 
     </span>
     <span class='ocr_line' id='line_1_9' title="bbox 283 925 1017 1003; baseline -0.007 -15"><span class='ocrx_word' id='word_1_47' title='bbox 283 925 367 988; x_wconf 85' lang='lat' dir='ltr'><strong>Grata</strong></span> <span class='ocrx_word' id='word_1_48' title='bbox 379 928 583 1003; x_wconf 80' lang='lat' dir='ltr'><strong>superveniet,</strong></span> <span class='ocrx_word' id='word_1_49' title='bbox 606 943 680 1003; x_wconf 81' lang='lat' dir='ltr'><strong>quae</strong></span> <span class='ocrx_word' id='word_1_50' title='bbox 691 942 749 985; x_wconf 91' lang='lat' dir='ltr'><strong>non</strong></span> <span class='ocrx_word' id='word_1_51' title='bbox 764 926 925 1003; x_wconf 79' lang='lat' dir='ltr'><strong>sperabitur</strong></span> <span class='ocrx_word' id='word_1_52' title='bbox 939 926 1017 984; x_wconf 87' lang='lat' dir='ltr'><strong>bora.</strong></span> 
     </span>
    </p>

    <p class='ocr_par' dir='ltr' id='par_1_5' title="bbox 222 1006 1041 1170">
     <span class='ocr_line' id='line_1_10' title="bbox 222 1006 1016 1087; baseline -0.009 -13"><span class='ocrx_word' id='word_1_53' title='bbox 222 1014 260 1074; x_wconf 81' lang='lat' dir='ltr'><strong>lb</strong></span> <span class='ocrx_word' id='word_1_54' title='bbox 282 1009 331 1070; x_wconf 84' lang='lat' dir='ltr'><strong>lle</strong></span> <span class='ocrx_word' id='word_1_55' title='bbox 344 1012 478 1087; x_wconf 76' lang='lat' dir='ltr'>pinguem</span> <span class='ocrx_word' id='word_1_56' title='bbox 490 1018 519 1069; x_wconf 89' lang='lat' dir='ltr'><strong>et</strong></span> <span class='ocrx_word' id='word_1_57' title='bbox 529 1006 647 1069; x_wconf 88' lang='lat' dir='ltr'><strong>nitidum</strong></span> <span class='ocrx_word' id='word_1_58' title='bbox 658 1008 732 1068; x_wconf 88' lang='lat' dir='ltr'><strong>bone</strong></span> <span class='ocrx_word' id='word_1_59' title='bbox 743 1017 838 1069; x_wconf 88' lang='lat' dir='ltr'><strong>curata</strong></span> <span class='ocrx_word' id='word_1_60' title='bbox 851 1018 916 1068; x_wconf 89' lang='lat' dir='ltr'><strong>cute</strong></span> <span class='ocrx_word' id='word_1_61' title='bbox 927 1010 1016 1084; x_wconf 80' lang='lat' dir='ltr'><strong>vises,</strong></span> 
     </span>
     <span class='ocr_line' id='line_1_11' title="bbox 283 1090 1041 1170; baseline -0.001 -18"><span class='ocrx_word' id='word_1_62' title='bbox 283 1091 353 1153; x_wconf 78' lang='lat' dir='ltr'><strong>curm</strong></span> <span class='ocrx_word' id='word_1_63' title='bbox 364 1092 458 1152; x_wconf 87' lang='lat' dir='ltr'><strong>ridere</strong></span> <span class='ocrx_word' id='word_1_64' title='bbox 470 1092 553 1152; x_wconf 83' lang='lat' dir='ltr'><strong>voles</strong></span> <span class='ocrx_word' id='word_1_65' title='bbox 563 1090 682 1170; x_wconf 85' lang='lat' dir='ltr'><strong>Epicuri</strong></span> <span class='ocrx_word' id='word_1_66' title='bbox 698 1091 734 1150; x_wconf 88' lang='lat' dir='ltr'><strong>de</strong></span> <span class='ocrx_word' id='word_1_67' title='bbox 745 1098 974 1170; x_wconf 71' lang='lat' dir='ltr'><strong>grege‘porcum.</strong></span> <span class='ocrx_word' id='word_1_68' title='bbox 1036 1128 1041 1135; x_wconf 90' lang='lat'><em>-</em></span> 
     </span>
    </p>
   </div>
   <div class='ocr_carea' id='block_1_5' title="bbox 605 1270 756 1279">
    <p class='ocr_par' dir='ltr' id='par_1_6' title="bbox 605 1270 756 1279">
     <span class='ocr_line' id='line_1_12' title="bbox 605 1270 756 1279; baseline 0.007 -3"><span class='ocrx_word' id='word_1_69' title='bbox 605 1270 756 1279; x_wconf 78' lang='lat'><strong>.-————</strong></span> 
     </span>
    </p>
   </div>
   <div class='ocr_carea' id='block_1_6' title="bbox 438 1374 1108 1545">
    <p class='ocr_par' dir='ltr' id='par_1_7' title="bbox 438 1374 1108 1545">
     <span class='ocr_line' id='line_1_13' title="bbox 438 1374 1108 1435; baseline 0.001 -2"><span class='ocrx_word' id='word_1_70' title='bbox 438 1418 445 1433; x_wconf 74' lang='grc'><em>,</em></span> <span class='ocrx_word' id='word_1_71' title='bbox 529 1374 777 1431; x_wconf 65' lang='lat' dir='ltr'><strong>nusum</strong></span> <span class='ocrx_word' id='word_1_72' title='bbox 794 1374 846 1435; x_wconf 69' lang='grc' dir='ltr'><strong>Ὺι,</strong></span> <span class='ocrx_word' id='word_1_73' title='bbox 932 1402 946 1423; x_wconf 91' lang='lat'><strong>··</strong></span> <span class='ocrx_word' id='word_1_74' title='bbox 1045 1390 1047 1393; x_wconf 83' lang='lat'>&#39;</span> <span class='ocrx_word' id='word_1_75' title='bbox 1105 1388 1108 1391; x_wconf 83' lang='lat'>&#39;</span> 
     </span>
     <span class='ocr_line' id='line_1_14' title="bbox 438 1480 930 1545; baseline -0.006 -7"><span class='ocrx_word' id='word_1_76' title='bbox 438 1480 930 1545; x_wconf 77' lang='lat' dir='ltr'><strong>ADTORQUATUM.</strong></span> 
     </span>
    </p>
   </div>
   <div class='ocr_carea' id='block_1_7' title="bbox 144 1600 1096 2766">
    <p class='ocr_par' dir='ltr' id='par_1_8' title="bbox 144 1600 1096 2766">
     <span class='ocr_line' id='line_1_15' title="bbox 280 1600 972 1681; baseline -0.001 -18"><span class='ocrx_word' id='word_1_77' title='bbox 280 1604 311 1663; x_wconf 88' lang='lat' dir='ltr'><strong>Si</strong></span> <span class='ocrx_word' id='word_1_78' title='bbox 323 1612 408 1681; x_wconf 88' lang='lat' dir='ltr'><strong>potes</strong></span> <span class='ocrx_word' id='word_1_79' title='bbox 421 1601 569 1663; x_wconf 80' lang='lat' dir='ltr'><strong>Archiacis</strong></span> <span class='ocrx_word' id='word_1_80' title='bbox 580 1602 699 1662; x_wconf 80' lang='lat' dir='ltr'><strong>conviva</strong></span> <span class='ocrx_word' id='word_1_81' title='bbox 709 1600 877 1661; x_wconf 79' lang='lat' dir='ltr'><strong>recumbere</strong></span> <span class='ocrx_word' id='word_1_82' title='bbox 888 1600 972 1662; x_wconf 86' lang='lat' dir='ltr'><strong>lectis</strong></span> 
     </span>
     <span class='ocr_line' id='line_1_16' title="bbox 279 1684 989 1766; baseline -0.003 -19"><span class='ocrx_word' id='word_1_83' title='bbox 279 1684 343 1747; x_wconf 88' lang='lat' dir='ltr'><strong>Nec</strong></span> <span class='ocrx_word' id='word_1_84' title='bbox 353 1687 464 1747; x_wconf 87' lang='lat' dir='ltr'><strong>modica</strong></span> <span class='ocrx_word' id='word_1_85' title='bbox 477 1703 599 1747; x_wconf 87' lang='lat' dir='ltr'><strong>coenare</strong></span> <span class='ocrx_word' id='word_1_86' title='bbox 609 1688 693 1745; x_wconf 89' lang='lat' dir='ltr'><strong>times</strong></span> <span class='ocrx_word' id='word_1_87' title='bbox 705 1684 768 1744; x_wconf 90' lang='lat' dir='ltr'><strong>olus</strong></span> <span class='ocrx_word' id='word_1_88' title='bbox 781 1700 864 1745; x_wconf 92' lang='lat' dir='ltr'><strong>omne</strong></span> <span class='ocrx_word' id='word_1_89' title='bbox 875 1684 989 1766; x_wconf 79' lang='lat' dir='ltr'><strong>patella,</strong></span> 
     </span>
     <span class='ocr_line' id='line_1_17' title="bbox 282 1766 1001 1848; baseline -0.003 -18"><span class='ocrx_word' id='word_1_90' title='bbox 282 1770 422 1848; x_wconf 89' lang='lat' dir='ltr'><strong>Supremo</strong></span> <span class='ocrx_word' id='word_1_91' title='bbox 433 1779 462 1829; x_wconf 91' lang='lat' dir='ltr'><strong>te</strong></span> <span class='ocrx_word' id='word_1_92' title='bbox 474 1770 537 1830; x_wconf 83' lang='lat' dir='ltr'><strong>sole</strong></span> <span class='ocrx_word' id='word_1_93' title='bbox 549 1770 641 1845; x_wconf 81' lang='lat' dir='ltr'><strong>domi,</strong></span> <span class='ocrx_word' id='word_1_94' title='bbox 664 1766 824 1846; x_wconf 55' lang='lat' dir='ltr'><strong>&#39;torquere</strong></span> <span class='ocrx_word' id='word_1_95' title='bbox 850 1768 980 1831; x_wconf 88' lang='lat' dir='ltr'><strong>manebo.</strong></span> <span class='ocrx_word' id='word_1_96' title='bbox 996 1769 1001 1777; x_wconf 88' lang='lat'>&#39;</span> 
     </span>
     <span class='ocr_line' id='line_1_18' title="bbox 280 1850 935 1930; baseline -0.005 -16"><span class='ocrx_word' id='word_1_97' title='bbox 280 1854 352 1914; x_wconf 84' lang='lat' dir='ltr'><strong>Vina</strong></span> <span class='ocrx_word' id='word_1_98' title='bbox 365 1854 449 1913; x_wconf 86' lang='lat' dir='ltr'><strong>bibes</strong></span> <span class='ocrx_word' id='word_1_99' title='bbox 464 1856 565 1913; x_wconf 90' lang='lat' dir='ltr'><strong>iterum</strong></span> <span class='ocrx_word' id='word_1_100' title='bbox 576 1850 668 1912; x_wconf 83' lang='lat' dir='ltr'><strong>Tauro</strong></span> <span class='ocrx_word' id='word_1_101' title='bbox 682 1850 783 1911; x_wconf 83' lang='lat' dir='ltr'><strong>dillusa</strong></span> <span class='ocrx_word' id='word_1_102' title='bbox 793 1852 935 1930; x_wconf 75' lang='lat' dir='ltr'><strong>palustres</strong></span> 
     </span>
     <span class='ocr_line' id='line_1_19' title="bbox 240 1916 956 2025; baseline -0.003 -28"><span class='ocrx_word' id='word_1_103' title='bbox 240 1938 258 1998; x_wconf 81' lang='lat'>5</span> <span class='ocrx_word' id='word_1_104' title='bbox 280 1916 358 1998; x_wconf 79' lang='lat' dir='ltr'><strong>luter</strong></span> <span class='ocrx_word' id='word_1_105' title='bbox 367 1936 521 2025; x_wconf 77' lang='lat' dir='ltr'><strong>Minturnas</strong></span> <span class='ocrx_word' id='word_1_106' title='bbox 533 1937 792 2015; x_wconf 80' lang='lat' dir='ltr'><strong>Sinuessanumque</strong></span> <span class='ocrx_word' id='word_1_107' title='bbox 806 1934 956 1995; x_wconf 82' lang='lat' dir='ltr'><strong>Petrinum.</strong></span> 
     </span>
     <span class='ocr_line' id='line_1_20' title="bbox 278 2017 1096 2099; baseline 0 -18"><span class='ocrx_word' id='word_1_108' title='bbox 278 2021 329 2081; x_wconf 89' lang='lat' dir='ltr'><strong>Sin</strong></span> <span class='ocrx_word' id='word_1_109' title='bbox 340 2020 441 2081; x_wconf 87' lang='lat' dir='ltr'><strong>melius</strong></span> <span class='ocrx_word' id='word_1_110' title='bbox 453 2018 637 2099; x_wconf 67' lang='lat' dir='ltr'><strong>nominebus,</strong></span> <span class='ocrx_word' id='word_1_111' title='bbox 661 2036 796 2096; x_wconf 88' lang='lat' dir='ltr'><strong>arcesse,</strong></span> <span class='ocrx_word' id='word_1_112' title='bbox 818 2017 865 2079; x_wconf 83' lang='lat' dir='ltr'><strong>rel</strong></span> <span class='ocrx_word' id='word_1_113' title='bbox 877 2021 1024 2098; x_wconf 86' lang='lat' dir='ltr'><strong>imperinm</strong></span> <span class='ocrx_word' id='word_1_114' title='bbox 1035 2020 1096 2081; x_wconf 85' lang='lat' dir='ltr'><strong>ier:</strong></span> 
     </span>
     <span class='ocr_line' id='line_1_21' title="bbox 172 2102 1063 2182; baseline 0.001 -18"><span class='ocrx_word' id='word_1_115' title='bbox 172 2164 182 2174; x_wconf 63' lang='grc'><strong>,</strong></span> <span class='ocrx_word' id='word_1_116' title='bbox 277 2102 440 2164; x_wconf 83' lang='lat' dir='ltr'><strong>Iamdudum</strong></span> <span class='ocrx_word' id='word_1_117' title='bbox 452 2103 585 2182; x_wconf 87' lang='lat' dir='ltr'><strong>splendet</strong></span> <span class='ocrx_word' id='word_1_118' title='bbox 598 2102 683 2163; x_wconf 83' lang='lat' dir='ltr'><strong>iocus</strong></span> <span class='ocrx_word' id='word_1_119' title='bbox 696 2112 724 2163; x_wconf 89' lang='lat' dir='ltr'><strong>et</strong></span> <span class='ocrx_word' id='word_1_120' title='bbox 735 2102 785 2163; x_wconf 88' lang='lat' dir='ltr'><strong>tihi</strong></span> <span class='ocrx_word' id='word_1_121' title='bbox 797 2102 898 2164; x_wconf 91' lang='lat' dir='ltr'><strong>munda</strong></span> <span class='ocrx_word' id='word_1_122' title='bbox 910 2104 1048 2182; x_wconf 82' lang='lat' dir='ltr'><strong>supellex.</strong></span> <span class='ocrx_word' id='word_1_123' title='bbox 1061 2138 1063 2145; x_wconf 94' lang='lat'>·</span> 
     </span>
     <span class='ocr_line' id='line_1_22' title="bbox 144 2180 953 2265; baseline 0 -19"><span class='ocrx_word' id='word_1_124' title='bbox 144 2244 153 2251; x_wconf 77' lang='grc'>,</span> <span class='ocrx_word' id='word_1_125' title='bbox 278 2186 359 2248; x_wconf 81' lang='lat' dir='ltr'><strong>blittc</strong></span> <span class='ocrx_word' id='word_1_126' title='bbox 374 2187 455 2248; x_wconf 84' lang='lat' dir='ltr'><strong>leves</strong></span> <span class='ocrx_word' id='word_1_127' title='bbox 467 2204 536 2265; x_wconf 89' lang='lat' dir='ltr'><strong>spes</strong></span> <span class='ocrx_word' id='word_1_128' title='bbox 552 2180 912 2248; x_wconf 70' lang='lat' dir='ltr'><strong>etcertaminadiuitiarum</strong></span> <span class='ocrx_word' id='word_1_129' title='bbox 951 2248 953 2253; x_wconf 24' lang='lat' dir='ltr'>s</span> 
     </span>
     <span class='ocr_line' id='line_1_23' title="bbox 149 2268 985 2334; baseline -0.002 -4"><span class='ocrx_word' id='word_1_130' title='bbox 149 2271 158 2279; x_wconf 70' lang='grc'><strong>“</strong></span> <span class='ocrx_word' id='word_1_131' title='bbox 277 2269 314 2330; x_wconf 87' lang='lat' dir='ltr'><strong>Et</strong></span> <span class='ocrx_word' id='word_1_132' title='bbox 326 2269 438 2331; x_wconf 84' lang='lat' dir='ltr'><strong>llosclri</strong></span> <span class='ocrx_word' id='word_1_133' title='bbox 452 2288 581 2331; x_wconf 88' lang='lat' dir='ltr'><strong>cansam:</strong></span> <span class='ocrx_word' id='word_1_134' title='bbox 604 2288 667 2331; x_wconf 84' lang='lat' dir='ltr'><strong>oras</strong></span> <span class='ocrx_word' id='word_1_135' title='bbox 680 2280 745 2331; x_wconf 89' lang='lat' dir='ltr'><strong>nato</strong></span> <span class='ocrx_word' id='word_1_136' title='bbox 758 2268 882 2334; x_wconf 79' lang='lat' dir='ltr'><strong>Caesare</strong></span> <span class='ocrx_word' id='word_1_137' title='bbox 894 2269 985 2329; x_wconf 84' lang='lat' dir='ltr'><strong>festus</strong></span> 
     </span>
     <span class='ocr_line' id='line_1_24' title="bbox 219 2352 1092 2433; baseline -0.008 -16"><span class='ocrx_word' id='word_1_138' title='bbox 219 2356 259 2425; x_wconf 82' lang='lat'><strong>10</strong></span> <span class='ocrx_word' id='word_1_139' title='bbox 279 2353 335 2414; x_wconf 87' lang='lat' dir='ltr'><strong>Dat</strong></span> <span class='ocrx_word' id='word_1_140' title='bbox 345 2356 456 2415; x_wconf 86' lang='lat' dir='ltr'><strong>veniam</strong></span> <span class='ocrx_word' id='word_1_141' title='bbox 467 2372 653 2433; x_wconf 87' lang='lat' dir='ltr'><strong>somnumque</strong></span> <span class='ocrx_word' id='word_1_142' title='bbox 665 2354 745 2429; x_wconf 90' lang='lat' dir='ltr'><strong>dics,</strong></span> <span class='ocrx_word' id='word_1_143' title='bbox 771 2355 885 2429; x_wconf 91' lang='lat' dir='ltr'><strong>impune</strong></span> <span class='ocrx_word' id='word_1_144' title='bbox 900 2352 998 2411; x_wconf 86' lang='lat' dir='ltr'><strong>licebit</strong></span> <span class='ocrx_word' id='word_1_145' title='bbox 1086 2426 1092 2429; x_wconf 33' lang='grc'>-</span> 
     </span>
     <span class='ocr_line' id='line_1_25' title="bbox 276 2432 959 2515; baseline -0.006 -18"><span class='ocrx_word' id='word_1_146' title='bbox 276 2437 421 2499; x_wconf 77' lang='lat' dir='ltr'><strong>Aestivam</strong></span> <span class='ocrx_word' id='word_1_147' title='bbox 431 2456 563 2499; x_wconf 89' lang='lat' dir='ltr'><strong>sermone</strong></span> <span class='ocrx_word' id='word_1_148' title='bbox 573 2438 697 2515; x_wconf 76' lang='lat' dir='ltr'><strong>benigno</strong></span> <span class='ocrx_word' id='word_1_149' title='bbox 708 2432 825 2495; x_wconf 89' lang='lat' dir='ltr'><strong>tendere</strong></span> <span class='ocrx_word' id='word_1_150' title='bbox 837 2443 959 2494; x_wconf 83' lang='lat' dir='ltr'><strong>noctem.</strong></span> 
     </span>
     <span class='ocr_line' id='line_1_26' title="bbox 277 2514 949 2601; baseline -0.007 -20"><span class='ocrx_word' id='word_1_151' title='bbox 277 2520 344 2595; x_wconf 81' lang='lat' dir='ltr'><strong>Quo</strong></span> <span class='ocrx_word' id='word_1_152' title='bbox 355 2521 422 2581; x_wconf 91' lang='lat' dir='ltr'><strong>mibi</strong></span> <span class='ocrx_word' id='word_1_153' title='bbox 433 2522 583 2598; x_wconf 75' lang='lat' dir='ltr'><strong>somonam,</strong></span> <span class='ocrx_word' id='word_1_154' title='bbox 600 2521 624 2580; x_wconf 91' lang='lat' dir='ltr'><strong>si</strong></span> <span class='ocrx_word' id='word_1_155' title='bbox 639 2536 696 2579; x_wconf 91' lang='lat' dir='ltr'><strong>non</strong></span> <span class='ocrx_word' id='word_1_156' title='bbox 707 2514 873 2579; x_wconf 88' lang='lat' dir='ltr'><strong>conceditur</strong></span> <span class='ocrx_word' id='word_1_157' title='bbox 882 2515 949 2601; x_wconf 31' lang='lat' dir='ltr'><strong>util,</strong></span> 
     </span>
     <span class='ocr_line' id='line_1_27' title="bbox 212 2601 977 2682; baseline -0.004 -18"><span class='ocrx_word' id='word_1_158' title='bbox 212 2672 219 2682; x_wconf 25' lang='lat' dir='ltr'>x</span> <span class='ocrx_word' id='word_1_159' title='bbox 276 2603 381 2665; x_wconf 85' lang='lat' dir='ltr'><strong>Parcus</strong></span> <span class='ocrx_word' id='word_1_160' title='bbox 395 2607 432 2666; x_wconf 90' lang='lat' dir='ltr'><strong>ob</strong></span> <span class='ocrx_word' id='word_1_161' title='bbox 443 2605 559 2667; x_wconf 86' lang='lat' dir='ltr'><strong>heredis</strong></span> <span class='ocrx_word' id='word_1_162' title='bbox 569 2621 665 2663; x_wconf 86' lang='lat' dir='ltr'><strong>curam</strong></span> <span class='ocrx_word' id='word_1_163' title='bbox 675 2601 848 2678; x_wconf 85' lang='lat' dir='ltr'><strong>nimiumque</strong></span> <span class='ocrx_word' id='word_1_164' title='bbox 860 2617 977 2661; x_wconf 86' lang='lat' dir='ltr'><strong>severos</strong></span> 
     </span>
     <span class='ocr_line' id='line_1_28' title="bbox 178 2680 928 2766; baseline -0.012 -16"><span class='ocrx_word' id='word_1_165' title='bbox 178 2695 185 2705; x_wconf 57' lang='lat'><em>¹</em></span> <span class='ocrx_word' id='word_1_166' title='bbox 275 2688 393 2750; x_wconf 71' lang='lat' dir='ltr'><strong>desidet</strong></span> <span class='ocrx_word' id='word_1_167' title='bbox 402 2690 517 2751; x_wconf 85' lang='lat' dir='ltr'><strong>insano:</strong></span> <span class='ocrx_word' id='word_1_168' title='bbox 540 2696 640 2766; x_wconf 90' lang='lat' dir='ltr'><strong>potare</strong></span> <span class='ocrx_word' id='word_1_169' title='bbox 653 2693 681 2745; x_wconf 93' lang='lat' dir='ltr'><strong>et</strong></span> <span class='ocrx_word' id='word_1_170' title='bbox 692 2700 831 2763; x_wconf 76' lang='lat' dir='ltr'><strong>spargere</strong></span> <span class='ocrx_word' id='word_1_171' title='bbox 841 2680 928 2743; x_wconf 84' lang='lat' dir='ltr'><strong>flores</strong></span> 
     </span>
    </p>
   </div>
   <div class='ocr_carea' id='block_1_8' title="bbox 95 2766 947 2851">
    <p class='ocr_par' dir='ltr' id='par_1_9' title="bbox 95 2766 947 2851">
     <span class='ocr_line' id='line_1_29' title="bbox 95 2766 947 2851; baseline -0.016 -13"><span class='ocrx_word' id='word_1_172' title='bbox 95 2803 104 2843; x_wconf 75' lang='lat'>;</span> <span class='ocrx_word' id='word_1_173' title='bbox 171 2835 176 2839; x_wconf 70' lang='grc'>,</span> <span class='ocrx_word' id='word_1_174' title='bbox 215 2774 254 2836; x_wconf 83' lang='grc'><strong>15</strong></span> <span class='ocrx_word' id='word_1_175' title='bbox 276 2771 412 2851; x_wconf 83' lang='lat' dir='ltr'><strong>incipiam</strong></span> <span class='ocrx_word' id='word_1_176' title='bbox 424 2775 570 2851; x_wconf 81' lang='lat' dir='ltr'><strong>patiarque</strong></span> <span class='ocrx_word' id='word_1_177' title='bbox 581 2768 629 2828; x_wconf 89' lang='lat' dir='ltr'><strong>vel</strong></span> <span class='ocrx_word' id='word_1_178' title='bbox 641 2766 818 2827; x_wconf 87' lang='lat' dir='ltr'><strong>inconsultus</strong></span> <span class='ocrx_word' id='word_1_179' title='bbox 829 2766 947 2831; x_wconf 84' lang='lat' dir='ltr'><strong>haberi.</strong></span> 
     </span>
    </p>
   </div>
   <div class='ocr_carea' id='block_1_9' title="bbox 145 2820 1100 3349">
    <p class='ocr_par' dir='ltr' id='par_1_10' title="bbox 145 2820 1100 3349">
     <span class='ocr_line' id='line_1_30' title="bbox 186 2820 1100 2930; baseline -0.013 -12"><span class='ocrx_word' id='word_1_180' title='bbox 186 2857 188 2861; x_wconf 76' lang='grc'>’</span> <span class='ocrx_word' id='word_1_181' title='bbox 242 2850 248 2855; x_wconf 68' lang='grc'><strong>’</strong></span> <span class='ocrx_word' id='word_1_182' title='bbox 277 2857 352 2930; x_wconf 83' lang='lat' dir='ltr'><strong>Quid</strong></span> <span class='ocrx_word' id='word_1_183' title='bbox 364 2874 421 2916; x_wconf 90' lang='lat' dir='ltr'><strong>non</strong></span> <span class='ocrx_word' id='word_1_184' title='bbox 433 2857 556 2916; x_wconf 89' lang='lat' dir='ltr'><strong>ebrietas</strong></span> <span class='ocrx_word' id='word_1_185' title='bbox 578 2848 730 2929; x_wconf 77' lang='lat' dir='ltr'><strong>designati</strong></span> <span class='ocrx_word' id='word_1_186' title='bbox 756 2820 998 2927; x_wconf 66' lang='lat' dir='ltr'><strong>opcrtarecludil,</strong></span> <span class='ocrx_word' id='word_1_187' title='bbox 1091 2844 1100 2847; x_wconf 76' lang='grc'><em>“</em></span> 
     </span>
     <span class='ocr_line' id='line_1_31' title="bbox 276 2930 1049 3018; baseline -0.008 -19"><span class='ocrx_word' id='word_1_188' title='bbox 276 2942 352 3018; x_wconf 89' lang='lat' dir='ltr'><strong>Spes</strong></span> <span class='ocrx_word' id='word_1_189' title='bbox 364 2938 444 2999; x_wconf 89' lang='lat' dir='ltr'><strong>iubet</strong></span> <span class='ocrx_word' id='word_1_190' title='bbox 459 2957 525 2998; x_wconf 91' lang='lat' dir='ltr'><strong>esse</strong></span> <span class='ocrx_word' id='word_1_191' title='bbox 539 2944 633 3011; x_wconf 86' lang='lat' dir='ltr'><strong>ratas,</strong></span> <span class='ocrx_word' id='word_1_192' title='bbox 657 2933 693 2992; x_wconf 87' lang='lat' dir='ltr'><strong>ad</strong></span> <span class='ocrx_word' id='word_1_193' title='bbox 707 2932 816 3011; x_wconf 84' lang='lat' dir='ltr'><strong>proella</strong></span> <span class='ocrx_word' id='word_1_194' title='bbox 828 2930 913 3003; x_wconf 82' lang='lat' dir='ltr'><strong>trudit</strong></span> <span class='ocrx_word' id='word_1_195' title='bbox 921 2934 1049 3011; x_wconf 88' lang='lat' dir='ltr'><strong>inertem,</strong></span> 
     </span>
     <span class='ocr_line' id='line_1_32' title="bbox 145 3013 975 3092; baseline -0.01 -9"><span class='ocrx_word' id='word_1_196' title='bbox 145 3038 158 3056; x_wconf 83' lang='lat'><strong><em>‘</em></strong></span> <span class='ocrx_word' id='word_1_197' title='bbox 275 3021 412 3082; x_wconf 88' lang='lat' dir='ltr'><strong>Sollicitis</strong></span> <span class='ocrx_word' id='word_1_198' title='bbox 424 3022 525 3081; x_wconf 87' lang='lat' dir='ltr'><strong>animis</strong></span> <span class='ocrx_word' id='word_1_199' title='bbox 539 3035 611 3078; x_wconf 90' lang='lat' dir='ltr'><strong>onus</strong></span> <span class='ocrx_word' id='word_1_200' title='bbox 625 3017 737 3092; x_wconf 64' lang='lat' dir='ltr'><strong>eximit,</strong></span> <span class='ocrx_word' id='word_1_201' title='bbox 754 3013 876 3075; x_wconf 88' lang='lat' dir='ltr'><strong>addocet</strong></span> <span class='ocrx_word' id='word_1_202' title='bbox 889 3025 975 3077; x_wconf 87' lang='lat' dir='ltr'><strong>artes.</strong></span> 
     </span>
     <span class='ocr_line' id='line_1_33' title="bbox 273 3097 950 3181; baseline -0.009 -16"><span class='ocrx_word' id='word_1_203' title='bbox 273 3103 399 3165; x_wconf 71' lang='lat' dir='ltr'><strong>Secundi</strong></span> <span class='ocrx_word' id='word_1_204' title='bbox 413 3102 518 3163; x_wconf 86' lang='lat' dir='ltr'><strong>calices</strong></span> <span class='ocrx_word' id='word_1_205' title='bbox 530 3119 612 3181; x_wconf 84' lang='lat' dir='ltr'><strong>quem</strong></span> <span class='ocrx_word' id='word_1_206' title='bbox 626 3114 683 3159; x_wconf 89' lang='lat' dir='ltr'><strong>non</strong></span> <span class='ocrx_word' id='word_1_207' title='bbox 696 3098 793 3177; x_wconf 75' lang='lat' dir='ltr'><strong>iecere</strong></span> <span class='ocrx_word' id='word_1_208' title='bbox 804 3097 950 3177; x_wconf 86' lang='lat' dir='ltr'><strong>disertum,</strong></span> 
     </span>
     <span class='ocr_line' id='line_1_34' title="bbox 213 3178 969 3285; baseline -0.016 -32"><span class='ocrx_word' id='word_1_209' title='bbox 213 3192 254 3253; x_wconf 85' lang='lat'><strong>20</strong></span> <span class='ocrx_word' id='word_1_210' title='bbox 276 3186 427 3248; x_wconf 84' lang='lat' dir='ltr'><strong>Contracta</strong></span> <span class='ocrx_word' id='word_1_211' title='bbox 439 3204 522 3265; x_wconf 89' lang='lat' dir='ltr'><strong>quem</strong></span> <span class='ocrx_word' id='word_1_212' title='bbox 534 3197 590 3246; x_wconf 91' lang='lat' dir='ltr'><strong>non</strong></span> <span class='ocrx_word' id='word_1_213' title='bbox 605 3188 633 3244; x_wconf 91' lang='lat' dir='ltr'><strong>in</strong></span> <span class='ocrx_word' id='word_1_214' title='bbox 643 3178 810 3285; x_wconf 80' lang='lat' dir='ltr'><strong>paupertate</strong></span> <span class='ocrx_word' id='word_1_215' title='bbox 824 3179 969 3243; x_wconf 82' lang='lat' dir='ltr'><strong>solutum?</strong></span> 
     </span>
     <span class='ocr_line' id='line_1_35' title="bbox 168 3267 1005 3349; baseline -0.017 -12"><span class='ocrx_word' id='word_1_216' title='bbox 168 3327 186 3337; x_wconf 73' lang='grc'>,</span> <span class='ocrx_word' id='word_1_217' title='bbox 241 3278 245 3282; x_wconf 86' lang='grc'><strong>’</strong></span> <span class='ocrx_word' id='word_1_218' title='bbox 275 3269 355 3330; x_wconf 86' lang='lat' dir='ltr'><strong>llaec</strong></span> <span class='ocrx_word' id='word_1_219' title='bbox 368 3287 589 3349; x_wconf 69' lang='lat' dir='ltr'><strong>ego&#39;proourare</strong></span> <span class='ocrx_word' id='word_1_220' title='bbox 602 3278 630 3328; x_wconf 92' lang='lat' dir='ltr'><strong>et</strong></span> <span class='ocrx_word' id='word_1_221' title='bbox 641 3267 760 3328; x_wconf 85' lang='lat' dir='ltr'><strong>rdoncus</strong></span> <span class='ocrx_word' id='word_1_222' title='bbox 772 3268 897 3345; x_wconf 89' lang='lat' dir='ltr'><strong>imperor</strong></span> <span class='ocrx_word' id='word_1_223' title='bbox 908 3275 936 3325; x_wconf 87' lang='lat' dir='ltr'><strong>et</strong></span> <span class='ocrx_word' id='word_1_224' title='bbox 949 3280 1005 3324; x_wconf 91' lang='lat' dir='ltr'><strong>non</strong></span> 
     </span>
    </p>
   </div>
   <div class='ocr_carea' id='block_1_10' title="bbox 0 0 1268 3942">
    <p class='ocr_par' dir='ltr' id='par_1_11' title="bbox 0 0 1268 3942">
     <span class='ocr_line' id='line_1_36' title="bbox 0 0 1268 3942; baseline 0 0"><span class='ocrx_word' id='word_1_225' title='bbox 0 0 1268 3942; x_wconf 95' lang='lat' dir='ltr'><strong> </strong></span> 
     </span>
    </p>
   </div>
  </div>
 </body>
</html>
