2525 3942
56 308 61 314 f
160 253 238 300 xxii
513 297 519 305 ,
547 214 764 318 ῬΒΑΕΜΉᾳ
867 261 873 269 1

133 450 140 462 ,
245 408 294 464 llis
316 407 469 479 propositis
493 423 656 478 quamquam
677 406 805 461 dubitare
825 422 952 475 nequeo,
984 407 1049 482 quin
1074 406 1160 480 haec,

161 509 239 566 quam
256 491 284 545 in
303 497 435 546 contextu
450 495 550 562 potitae
567 489 763 546 constituendo
780 495 893 544 seculus
912 506 987 559 snm,
1010 491 1083 546 ratio
1100 508 1159 547 non

159 577 263 646 ubique
281 573 436 630 lectoribus
453 575 544 630 doctis
561 575 698 645 placitura
714 573 767 639 sit,
786 573 815 626 id
831 578 920 627 tomen
940 573 1071 628 effecisse
1088 574 1159 630 milri

159 659 275 728 videor,
292 663 321 712 ul
337 657 366 711 in
381 658 524 729 plerisque
539 657 627 726 locis,
645 657 679 710 de
696 655 795 726 quibus
806 656 947 726 hodieque
963 654 1160 727 ‘grammatici
1223 696 1231 702 -

155 747 267 798 uertant
283 747 311 795 et
328 741 416 796 adhuc
432 742 483 795 sub
499 741 591 796 iudice
606 740 643 794 lis
660 735 738 807 est,'
754 738 883 807 dignosci
899 739 1008 810 possit,
1025 741 1090 811 quid
1107 758 1161 796 ve-

104 835 108 846 '
159 831 203 880 tus
218 826 357 896 scriptura
373 823 484 893 tulerit,
502 824 568 894 quid
585 822 726 892 ingenium
744 821 867 876 virorum
884 822 1029 878 doctorum
1045 824 1160 880 adstru-

158 909 240 964 xerit.
289 907 429 964 Curabuut
445 908 587 962 doctiores
605 911 633 959 ct
647 904 826 974 sagaciores,
844 911 873 958 nt
889 921 939 974 ea,
966 922 1036 976 quae
1054 923 1109 978 ego
1126 915 1159 963 ut

159 991 242 1046 dubia
261 995 307 1046 aut
321 991 441 1046 obscura
458 989 561 1058 reliqui
576 990 701 1056 intacta,
725 987 759 1042 ad
777 987 912 1042 librorum
931 989 1051 1060 vestigia
1070 991 1159 1046 resti-

159 1067 244 1130 tuant}
345 1075 361 1094 “
699 1068 706 1073 ’
827 1121 829 1131 Α

242 1156 298 1212 larn
314 1155 383 1212 nihil
399 1155 500 1226 reliqui
519 1171 583 1210 esse
607 1155 744 1223 arbitror,
767 1152 820 1209 nisi
836 1161 866 1208 ut
881 1155 1002 1211 lectores
1018 1173 1157 1228 moneam,
1253 1202 1262 1216 .

158 1240 239 1294 brevi
254 1240 367 1294 Horatii
382 1242 466 1306 ritae,
488 1239 515 1293 in
532 1239 696 1315 discentium
712 1253 791 1292 usum
808 1255 823 1293 a
839 1254 882 1293 me
902 1240 1095 1311 conscriptae,
1110 1241 1157 1295 ri-

159 1318 213 1402 tant
234 1323 308 1379 illurn
331 1324 486 1394 antiquam,
509 1339 580 1400 quae
599 1321 735 1377 Suetonio
755 1321 940 1391 adscribitur,
963 1322 1000 1377 ita
1020 1323 1155 1378 intentam

139 1445 142 1454 ·
159 1421 241 1476 esse,
257 1413 287 1460 ut
304 1406 395 1462 literis
412 1407 534 1477 obliquis
553 1395 683 1476 dignosci
701 1405 800 1475 possit.

244 1491 371 1560 Denique
386 1491 413 1545 in
428 1489 526 1545 Indice
541 1489 640 1548 libello
657 1488 784 1543 subiecto
801 1489 908 1543 nomino
929 1489 1043 1559 proprio
1061 1490 1156 1546 omnia

118 1560 122 1576 “
160 1578 188 1628 ct
203 1575 288 1628 verba
305 1574 447 1629 intellectu
465 1573 625 1630 difficiliora
641 1572 766 1627 breviter
781 1571 945 1642 explicando
962 1570 1100 1640 iudicari,
1124 1573 1154 1626 in

129 1705 133 1710 .
159 1671 213 1726 quo
229 1673 325 1726 nemo,
349 1658 469 1728 opinor,
488 1656 552 1712 inihi
573 1657 644 1732 vitio
666 1661 773 1723 vertet,
791 1655 871 1724 quod
892 1653 1007 1709 aliorum
1027 1653 1154 1710 virorum

159 1739 304 1795 doctorum
320 1739 540 1811 explicationes,
557 1739 604 1794 ubi
621 1756 682 1793 cunt
698 1739 756 1793 illis
769 1737 835 1791 milri
850 1737 1076 1797 consentiendum
1089 1737 1154 1808 luit,

158 1822 186 1876 in
202 1838 289 1877 meum
305 1839 382 1878 usum
400 1823 594 1880 converterint.

226 1899 306 1962 ¹Sor.
324 1905 512 1964 llulllerstudii
529 1907 554 1962 d.
572 1903 694 1961 xxvttt.
711 1918 744 1958 nr.
764 1901 882 1972 Augusti
899 1919 923 1956 a.
941 1900 1114 1981 dcccclv.

743 2229 1082 2320 ''manmu
