2525 3942
654 172 659 209 ζ
715 164 717 167 ,

92 180 334 289 {speeiem}
516 206 628 269 uellit
637 205 661 269 1.

407 338 780 415 musmonem.

315 466 374 517 nu
403 464 596 517 vrrvruu
624 460 869 519 sennenn.

108 587 146 648 Ut
156 586 386 664 proficiscentem
397 584 481 643 docui
492 594 522 643 te
534 600 622 661 saepe
634 582 750 661 diuque,

107 670 238 748 Augusto
249 668 353 741 reddes
367 668 476 743 signata
487 664 644 742 volumina,
662 666 737 745 Vini,

108 753 139 812 Si
150 752 277 829 validus,
292 753 319 823 si
329 751 419 811 laetus
432 752 500 825 erit,
518 751 542 807 si
554 748 676 826 denique
688 756 800 827 poscet.

107 833 152 903 Ne
164 834 256 894 studio
267 836 356 898 nostri
367 850 474 911 pecces
486 832 637 910 odiumque
648 831 753 891 libellis
860 841 869 849 “

108 917 230 977 Sedulus
241 919 379 994 importes
390 932 479 992 opera
489 914 657 974 vehemente
668 916 803 974 minister.

107 1001 139 1059 Si
152 1009 181 1059 te
197 1000 271 1059 forte
283 1018 365 1059 meae
375 999 471 1077 gravis
486 1006 549 1057 uret
559 1000 669 1057 sarcina
681 998 805 1071 chartae,

106 1083 231 1143 Abiicito
243 1086 338 1160 potius
350 1100 449 1160 quam,
471 1098 527 1159 quo
540 1082 669 1157 perferre
683 1080 799 1156 iuberis,

108 1164 236 1226 Clitellas
248 1165 346 1225 ierus
338 1166 493 1242 rmpingas,
509 1163 674 1243 Asinaeque
687 1170 832 1241 paternum
897 1193 902 1201 ·

54 1322 56 1328 Α
108 1246 274 1326 cognomen
285 1250 400 1309 vertas
391 1267 420 1307 m
430 1249 518 1307 risum
530 1253 559 1306 et
570 1246 665 1306 fabula
680 1246 741 1306 fias.

105 1330 219 1391 Vrrrbus
229 1332 318 1390 utens
329 1349 381 1408 per
391 1329 497 1405 elrvos,
514 1328 642 1405 flumina,
657 1329 759 1397 lamas;

108 1414 208 1473 Victor
217 1416 358 1490 propositi
370 1411 451 1471 simul
463 1430 497 1470 ac
509 1414 674 1488 perveneris
686 1411 764 1489 illuc,

108 1497 158 1556 Sic
171 1498 295 1573 positum
306 1495 434 1554 servabis
446 1509 535 1568 onus,
553 1512 590 1553 ne
601 1494 676 1553 forte
687 1494 739 1554 sub
753 1492 798 1553 alu

107 1578 286 1639 Fasciculmn
299 1586 397 1656 portes
407 1576 543 1637 librorum
556 1585 587 1635 ut
596 1578 719 1635 rusticus
731 1594 842 1653 agnum,

108 1660 146 1739 Ut
155 1663 255 1721 vinosa
270 1659 382 1737 glomus
394 1660 514 1719 furtivae
527 1657 643 1736 Pyrrhia
654 1657 745 1734 lanae,

107 1744 146 1803 Ut
157 1762 221 1805 cum
232 1743 341 1822 pileolo
357 1742 452 1804 soleas
464 1744 584 1801 conviva
594 1740 715 1801 tribulis.

107 1826 152 1887 Ne
163 1827 251 1906 vulgo
263 1845 379 1902 narres,
395 1834 425 1885 te
436 1824 584 1884 sudavisse
595 1822 714 1885 ierendo

102 1908 256 1991 Carmina,
273 1927 347 1988 quae
358 1910 469 1988 possint
482 1907 582 1967 oeulos
594 1925 736 1985 auresque
747 1908 850 1966 morari

109 1991 258 2063 Caesaris;
276 1988 581 2068 oratusmultaproce,
606 1993 697 2050 nitere
711 2006 818 2069 porro,
854 2006 858 2011 ·

76 2069 80 2078 “
108 2074 202 2152 Vade,
223 2076 307 2153 vale,
323 2094 393 2135 cave
404 2093 441 2134 ne
453 2073 557 2134 titubes
568 2074 752 2152 mandataque
763 2074 903 2152 frangas*
945 2084 951 2099 ·’

408 2360 804 2439 sessiacensem
864 2453 866 2458 ‚

290 2488 355 2541 ιι)
392 2482 957 2559 ιιιιιοιιιιειιιιιιι..Ὶ

107 2610 211 2668 Villice
219 2597 355 2669 ‘silvarum
367 2612 396 2667 et
408 2610 474 2666 mihi
488 2626 535 2665 me
545 2607 689 2681 reddentis
700 2608 796 2685 agelli,
826 2633 829 2639 ¹

109 2693 203 2766 Quem
215 2699 244 2750 tu
256 2690 382 2766 fastidis,
400 2690 552 2749 habitatum
564 2692 688 2769 quinque
698 2689 773 2749 iocis
784 2699 813 2749 et
846 2742 850 2751 ,

110 2775 242 2853 Quinque
253 2773 347 2833 bonos
359 2773 472 2833 solitum
482 2771 594 2833 Variam
609 2771 747 2833 dimittere
760 2781 865 2851 patres,

110 2858 278 2935 Certemus,
295 2860 391 2935 spinas
406 2860 535 2917 animone
547 2872 603 2934 ego
614 2856 715 2915 lortius
727 2865 803 2916 antu

107 2940 224 3001 Evellas
235 2955 325 3019 agro,
337 2950 367 3001 et
378 2939 479 3000 melior
490 2942 527 2999 sit
540 2939 671 2999 Horatius
683 2958 718 2999 an
732 2958 790 3000 res.

107 3024 155 3085 lile
167 3026 294 3102 quamvis
304 3023 416 3084 lamiae
427 3025 517 3101 pietas
529 3032 559 3083 et
570 3040 637 3084 cura
647 3032 778 3100 moratur,
819 3056 821 3061 Δ
839 3066 842 3071 -

107 3108 234 3168 Fratrem
244 3110 395 3169 moerentis
401 3116 507 3184 ,rnpto
520 3106 555 3166 de
571 3108 657 3167 lratre
668 3105 802 3167 dolentis

107 3190 313 3262 insolabiliter;
324 3192 592 3266 tamenistucmens
607 3190 772 3273 opimusque

107 3272 175 3334 Fert
186 3283 215 3335 et
226 3284 298 3336 amat
309 3277 408 3353 spatiis
419 3274 556 3333 obstantia
566 3292 697 3352 rumpere
713 3275 842 3335 claustra
