2525 3942
196 240 261 305 sos
432 300 436 311 ,
556 178 824 305 na1snonnnuu
1016 240 1118 317 [Epist.
1131 243 1171 321 n]
1193 318 1219 341 ,-

283 393 332 453 Sic
342 394 408 454 mihi
420 392 499 454 tarda
510 390 597 451 fluunt
608 394 775 471 ingrataque
786 400 929 470 tempora,
946 410 1019 471 quae
1032 410 1115 471 spem

169 486 174 499 ‘
282 465 498 554 Consiliumque
506 484 649 534 morantur
658 474 761 554 egendi
772 478 901 552 gnaviter
911 476 950 553 iul,
964 475 1042 555 quod

222 562 261 623 25
283 559 386 638 Aeque
398 558 571 637 pauperibus
582 558 717 635 prodest,
733 557 924 637 locupletibus
936 577 1039 638 aeque,

278 642 381 721 Aeque
391 642 554 720 neglectum
567 643 663 717 pueris
679 641 852 720 senibusque
863 642 988 701 nocebit.
1082 673 1089 684 =
1113 696 1122 709 ,

217 726 222 745 “
281 716 397 801 Restat,
409 734 440 785 nt
450 725 494 784 his
505 742 563 802 ego
575 742 621 784 me
631 726 696 803 ipse
707 742 805 802 regam
816 724 952 804 solerque
964 723 1122 785 elementis.

281 807 346 868 Non
357 809 453 885 possis
466 807 551 867 oculo
563 817 696 886 qnantum
708 808 882 868 contendere
892 807 1037 883 Lynceus:
1102 818 1110 825 ‘

281 889 347 951 Non
360 900 454 951 tamen
467 889 576 950 idcirco
590 900 755 950 contemnas
766 889 862 969 lippus
872 892 986 968 inungi;

218 978 260 1041 30
280 972 361 1050 Nec,
374 976 440 1053 quia
451 972 591 1050 despesos
602 974 699 1032 invicti
711 974 835 1035 membra
846 972 993 1049 Glyconis,
1043 1010 1048 1015 -

281 1055 399 1116 Nodosa
410 1071 515 1132 corpus
525 1055 601 1114 nolis
616 1055 770 1133 prohibere
784 1057 930 1133 cheragra.

279 1137 333 1199 llst
347 1138 466 1217 quadam
477 1137 593 1215 prodire
603 1147 704 1213 tenus,
721 1139 745 1196 si
756 1153 812 1197 non
824 1137 994 1198 daturultra.

279 1220 384 1281 Fervet
393 1222 508 1281 avaritia
519 1222 684 1299 miseroque
696 1220 827 1298 cupidine
839 1230 956 1299 pectus:

281 1304 352 1364 Sunt
361 1304 449 1378 verba
461 1312 491 1363 et
500 1320 607 1380 voces,
620 1303 723 1381 quibus
733 1303 808 1363 hunc
819 1304 908 1364 lenire
920 1304 1048 1383 dolorem

216 1391 258 1453 86
279 1386 377 1447 Possis
393 1395 423 1446 et
433 1404 561 1463 magnam
572 1387 664 1446 morbi
676 1386 822 1465 deponere
831 1396 951 1466 pantena.

279 1468 382 1530 landis
393 1485 489 1529 amora
500 1478 686 1530 tumeszsunt
696 1478 774 1531 centa
785 1469 912 1549 piacula,
925 1488 997 1549 quae
1008 1478 1036 1531 te
1070 1480 1074 1485 '
1123 1510 1130 1521 .
1183 1540 1188 1552 ,

279 1551 336 1613 'l'er
347 1570 417 1631 pure
427 1552 508 1613 lectu
516 1561 650 1631 poterunt
659 1570 791 1615 recreare
800 1553 910 1615 libello.

279 1634 411 1713 Invidus,
426 1636 594 1714 iracundus,
606 1638 701 1713 iners,
712 1639 847 1715 vinosus,
861 1646 978 1714 amator,

279 1718 372 1779 Nemo
383 1718 456 1779 adeo
467 1719 546 1779 feras
558 1729 618 1796 est,
633 1728 663 1780 ut
674 1736 731 1780 non
742 1722 894 1782 mitescere
906 1724 1009 1798 possit,

219 1802 260 1867 lo
281 1802 312 1863 Si
323 1801 408 1864 modo
420 1802 547 1863 culturae
558 1804 711 1881 patientem
723 1804 883 1865 commodet
893 1822 999 1865 aurem.

277 1885 374 1946 Virtus
386 1894 431 1945 est
440 1887 538 1945 uitium
550 1885 668 1963 lugere,
681 1895 711 1946 et
721 1889 859 1965 sapientia
870 1890 958 1966 prima

279 1968 401 2029 Stultitia
413 1970 551 2029 cauisse.
570 1968 676 2045 Vides,
692 1988 766 2048 quae
776 1972 895 2031 maxima
905 1969 998 2031 credis

277 2050 353 2111 llsse
364 2050 452 2128 mala,
465 2053 599 2129 exiguum
610 2069 727 2113 censum
738 2060 906 2133 turpemque
916 2052 1069 2132 repulsam,
1159 2068 1162 2085 ¹

280 2132 396 2207 Quanto¹
404 2132 515 2193 dentes
526 2136 611 2193 animi
622 2137 782 2213 capitisque
794 2135 907 2205 labore;
923 2176 926 2189 ·

215 2214 255 2277 45
277 2212 404 2293 Impiger
415 2223 557 2275 extremos
569 2218 661 2275 curris
672 2226 813 2277 mercator
824 2219 859 2277 ad
870 2210 966 2294 Indos,

277 2296 332 2357 l'er
345 2313 421 2355 mne
433 2297 599 2374 pauperiem
610 2298 741 2374 lugiens,
755 2313 808 2375 pen
819 2318 903 2375 saxa,
916 2316 970 2376 per
980 2302 1077 2378 ignes:

137 2431 158 2453 ,2
276 2379 322 2440 Ne
334 2396 418 2439 onnes
429 2396 480 2455 ea,
497 2394 572 2457 quoe
583 2379 669 2439 stulte
683 2381 792 2440 miraris
805 2390 835 2441 et
849 2390 942 2459 optas,

276 2463 401 2524 Discere
412 2470 441 2523 et
451 2461 549 2524 andire
561 2471 590 2523 et
599 2461 710 2525 meliori
721 2463 840 2524 credere
850 2480 908 2525 non
917 2461 981 2523 vis?

279 2545 351 2619 Quis
363 2547 470 2609 circum
481 2561 572 2625 pagos
585 2554 614 2607 et
625 2547 732 2606 circum
743 2549 867 2626 compita
878 2565 991 2627 pugnax

213 2627 256 2690 50
276 2628 379 2708 llagna
390 2631 520 2690 coronari
531 2637 694 2691 contemnat
705 2628 852 2710 Olympia,
871 2632 918 2692 cui
929 2648 1008 2709 spes,
1253 2662 1254 2701 p

278 2711 331 2774 Cui
342 2714 379 2773 sit
389 2713 516 2775 conditio
528 2711 620 2773 dulcis
632 2715 694 2775 sine
705 2713 824 2791 pulvere
835 2712 967 2794 palmae?
1253 2704 1254 2758 l

276 2796 367 2856 Vilius
377 2805 524 2875 argentum
535 2804 581 2858 est
590 2814 674 2873 auno,
687 2799 836 2858 virtutibus
847 2812 958 2859 aunum:

277 2877 327 2957 „0
339 2882 435 2955 cives,
452 2881 548 2955 cives,
564 2878 727 2958 quaerenda
737 2882 860 2957 pecunia
875 2882 993 2957 primum
1005 2889 1063 2949 est;

329 2964 336 2977 '
479 2990 484 2995 .
634 2965 655 2997 tt
1029 2965 1037 2978 '

213 3044 254 3106 55
277 2959 1101 3125 allslismoi„ilzttlslslttllql.

276 3123 370 3186 Laevo
384 3125 518 3201 suspensi
530 3123 643 3184 loculos
656 3124 835 3206 utinamque
846 3127 965 3189 lacento.

274 3206 327 3272 Est
337 3208 444 3267 anunm
454 3206 521 3284 tini,
534 3214 598 3267 sunt
609 3224 704 3269 mores
720 3219 749 3269 et
755 3210 856 3291 lingua
867 3211 1006 3290 fidesque,

276 3289 335 3362 Sel
349 3288 561 3369 quadringentis
573 3308 626 3354 sex
637 3300 749 3371 septem
760 3295 847 3355 millia
856 3294 974 3361 desunt:
