2525 3942
94 253 186 338 psat.
199 266 253 343 ap
518 265 629 329 LIBER
645 266 683 328 11.
877 274 882 281 “
1022 266 1084 331 201

115 413 213 475 Indice
223 423 391 476 monstraret
404 415 508 492 digito:
522 436 586 478 nam
599 426 695 478 cetera
705 418 797 494 turba,

50 543 65 549 -
108 496 326 586 ¹llos‚.inquam‚
339 514 491 559 coenamus
505 518 583 577 aves,
594 500 763 577 conchylia,
783 501 892 577 pisces,
904 552 905 560 ,

114 580 213 659 longe
224 580 388 641 dissimilem
397 590 466 641 noto
478 583 598 645 celantia
608 602 718 659 sucum,

115 664 153 726 Ut
162 663 210 724 vel
222 666 355 725 continuo
367 668 474 742 patuit,
488 684 551 726 cum
563 669 689 745 passeris
700 675 786 744 atque
882 723 891 740 x

114 747 258 825 lngustata
268 747 335 807 mibi
347 757 514 825 porrexerat
523 750 573 809 ilia
584 749 704 810 rhombi.
1042 753 1084 814 30

114 829 183 890 Post
190 831 247 890 boe
259 848 307 889 me
319 830 430 907 docuit,
443 832 584 893 melimela
594 834 699 893 rubere
710 833 857 897 minorem.

113 913 159 974 Ad
170 912 263 973 lunam
274 912 395 974 delecta.-
418 913 493 987 Quid
507 916 702 991 iocinerum,
715 914 751 975 ab
764 915 830 992 ipso

114 996 245 1056 Audieris
256 996 366 1057 melius.
396 995 466 1056 'l'um
476 998 606 1059 Vibidius
617 998 775 1059 Balatroni:

115 1078 200 1157 „Nos
210 1081 265 1140 nisi
276 1078 411 1140 danmose
421 1081 553 1158 bibimus,
567 1084 719 1142 moriemur
730 1079 847 1157 inulti‚5‘
884 1069 890 1081 ’

14 1189 16 1192 v
113 1162 152 1223 Iit
168 1162 273 1223 calices
285 1165 380 1240 poscit
392 1165 525 1225 maiores.
546 1159 668 1225 Vertere
679 1158 803 1241 pallor.
903 1191 943 1211 -κ
1040 1169 1082 1230 35

115 1245 186 1306 'lum
198 1248 314 1324 parochi
325 1247 446 1324 faeiem,
459 1248 499 1307 nil
510 1250 553 1309 sie
563 1248 714 1309 metuentis
725 1255 755 1306 ut
769 1264 851 1308 acres

115 1326 250 1405 Potores,
261 1328 309 1389 vel
321 1329 398 1408 quod
409 1331 579 1392 maledicunt
592 1333 709 1392 liberius
720 1330 768 1390 vel

115 1411 237 1473 Fervida
248 1412 325 1489 quod
336 1412 440 1472 subtile
452 1414 603 1474 exsurdant
611 1416 676 1474 vina
689 1412 820 1491 palatum.

114 1494 259 1555 Invertunt
269 1493 399 1554 Allifanis
409 1497 516 1555 vinaria
527 1505 586 1556 tota

114 1577 244 1638 Vibidius
254 1576 440 1657 Balatroquep
453 1582 559 1639 secutis
571 1578 771 1646 omnibus;imi
870 1622 875 1632 ,
1041 1582 1082 1643 4ο

115 1660 260 1724 Convivae
271 1660 338 1721 lecti
353 1660 470 1721 nihilum
479 1677 606 1722 nocuere
616 1662 737 1738 lagenis.

114 1745 239 1805 Affertur
253 1744 371 1823 squillas
383 1746 456 1804 inter
467 1763 599 1805 muraena
610 1751 738 1804 neantes
794 1804 804 1818 Ι

72 1835 76 1845 “
114 1827 248 1906 lnpatina
261 1836 403 1905 porrecta.
426 1828 485 1888 Sub
500 1828 556 1887 hoe
567 1827 653 1887 herus
666 1824 768 1903 „Hace
779 1824 919 1903 gravida“
931 1826 1020 1903 inquit

115 1908 231 1991 „Capta
242 1920 301 1988 est,
317 1910 441 1972 deterior
452 1919 519 1989 post
531 1919 639 1989 partum
651 1927 734 1969 earne
746 1909 847 1969 futura.
898 1917 908 1938 ‘

44 2015 48 2020 ¹
115 1994 190 2073 „llis
200 1996 315 2055 mixtum
327 1996 372 2055 ius
387 1993 539 2071 estzoleo,
552 1993 629 2073 quod
642 1993 729 2071 prima
740 1989 855 2051 Venafri
1041 1992 1081 2056 45

115 2077 247 2155 „Pressit
258 2078 346 2147 cella3
361 2086 431 2156 garo
442 2078 478 2137 de
489 2078 566 2137 sucis
582 2078 671 2155 piscis
683 2074 795 2143 Hiberi:
853 2130 857 2146 ,

115 2160 212 2238 „Vino
224 2162 411 2240 quinquenni,
423 2179 522 2220 verum
533 2163 602 2221 citra
612 2175 690 2219 mare
704 2166 781 2235 nato,
830 2186 836 2195 ·

115 2244 213 2320 „Dum
223 2246 355 2322 coquitur
366 2278 403 2289 -
418 2252 503 2304 cocto
512 2241 613 2304 Chium
624 2244 668 2302 sie
680 2240 821 2315 convenit,
835 2248 931 2301 utnon

115 2327 203 2404 „lloe
213 2330 303 2404 magis
313 2327 400 2386 ullum
412 2326 487 2387 aliud
499 2348 554 2396 -;
567 2329 669 2405 pipere
681 2324 757 2401 albo,
770 2339 827 2385 non
838 2324 900 2383 sine
912 2330 1007 2401 aceto,

115 2410 225 2487 „Quod
234 2408 458 2485 Methymnaeam
467 2411 537 2469 vitio
552 2410 700 2470 mutaverit
712 2426 803 2467 uvam.
1041 2406 1083 2467 50

83 2492 248 2569 ‘„Erueas
258 2491 486 2567 virides‚inulas
502 2507 559 2567 ego
571 2494 677 2569 primus
689 2506 796 2550 murras
1044 2497 1047 2503 ’

115 2572 293 2655 „monstravi
308 2575 480 2650 incoquere:
495 2571 592 2631 illotos
604 2571 738 2632 Curtillus
750 2570 879 2645 echinos,

115 2656 177 2732 „Ut
188 2654 290 2714 melius
301 2656 404 2731 muria,
417 2654 495 2732 quod
504 2663 579 2714 tosta
589 2656 693 2713 marina
703 2652 859 2713 remittat.“

56 2763 65 2768 ·
115 2737 228 2798 Interea
239 2754 378 2816 suspensa
391 2754 495 2816 graves
506 2736 604 2797 aulaea
614 2737 711 2795 ruinas

113 2820 146 2883 ln
157 2822 279 2900 patinam
289 2817 407 2919 fecere2
415 2821 553 2879 trahentia
564 2819 689 2897 pulveris
700 2818 752 2879 atri

114 2903 254 2978 Quantum
264 2920 321 2964 non
332 2903 437 2983 Aquilo
449 2902 600 2981 Campanis
611 2903 716 2963 excitat
726 2902 813 2987 agris.
911 2920 921 2933 ’

112 2987 175 3049 Nos
186 2989 386 3064 mainsendi,
399 2996 551 3065 postquam
561 2985 631 3046 nibil
646 3002 714 3045 esso
726 2982 825 3067 pericli

75 3085 78 3088 ·
114 3071 279 3147 Sensimus,
295 3072 444 3149 erigimun
459 3069 550 3131 liuius
561 3070 661 3147 posito
674 3068 783 3145 capite,
798 3074 829 3125 ut
839 3064 868 3123 si

113 3148 375 3214 Filiusimmatorus'
386 3153 513 3229 obisset,
528 3153 609 3213 llere.
633 3151 705 3225 Quis
717 3158 796 3210 esset
845 3197 850 3205 a

112 3236 191 3297 Finis
199 3235 212 3312 ,‘
221 3238 250 3295 ni
261 3237 378 3315 sapiens
390 3236 433 3295 sie
447 3235 641 3296 Nomentanus
652 3237 771 3295 amicum
915 3304 917 3309 Ι
1042 3234 1083 3291 60

112 3318 511 3397 Tollerer:„}1eu,1tortuna‚
527 3320 591 3397 quis
602 3326 647 3377 est
659 3316 801 3397 crudelior
815 3315 844 3375 in
855 3329 908 3373 nos
