2525 3942
124 221 227 291 [Epist.
241 183 295 308 ie]
333 163 336 177 ⁵
463 292 469 307 ,
527 174 674 277 ιιιιιιι.

124 364 207 439 Quae
218 384 252 426 se
263 364 440 428 commendat
451 373 627 443 tonsa-oute,
641 364 771 427 dentibus
781 368 859 443 atris,

122 447 198 509 Dum
208 448 268 509 uult
278 448 394 509 libertas
407 446 463 508 diei
477 468 555 511 mera
565 468 692 527 veraque
702 451 801 508 virtus.

122 530 218 592 Virtus
230 541 275 591 eat
283 532 410 610 xmedium
423 528 554 593 vitiorum
565 542 594 593 et
607 536 748 613 utrimque
759 531 912 593 reductum

121 614 218 691 Alter,
231 617 259 675 in
271 615 441 692 obsequium
453 614 519 693 plus
528 634 622 695 aequo
636 633 741 693 pronus
754 623 783 673 et
793 616 840 674 imi
1006 680 1007 688 χ
1051 620 1092 682 10

121 698 243 758 Derisor
253 697 337 775 leoli
354 699 397 757 sio
408 706 504 758 nutum
514 699 609 763 divitia
618 701 726 775 lrorret,

1 791 2 796 ’
101 781 737 858 xSioiterutvooesetuorbaoadentiatollit,

121 862 160 925 Ut
170 881 289 941 puerum
299 882 387 924 saevo
403 864 503 924 eredas
513 865 760 948 dictatumagistro

121 946 273 1023 Reddere,
291 946 340 1008 vel
352 956 447 1025 partes
458 948 570 1008 mimum
581 953 703 1025 traotame
718 946 878 1016 secundasa

120 1030 202 1091 Alter
212 1032 334 1091 rixatur·
343 1031 380 1088 de
392 1028 456 1088 lana
469 1047 559 1108 saepe
567 1034 706 1109 oaprina,

121 1114 284 1192 Propugnat
294 1116 377 1191 nugis
389 1121 527 1174 masna:
543 1114 696 1191 „seilioet,
714 1124 813 1174 utnon

121 1198 189 1275 „Sit
199 1198 266 1257 mihi
276 1199 365 1275 prima
377 1192 447 1257 fides
459 1204 504 1274 et,
520 1216 589 1259 vero
601 1198 679 1276 quod
689 1196 799 1275 plaoet,
815 1205 912 1257 utnon

123 1280 258 1357 „Aomter
271 1277 387 1340 elatrem
393 1281 540 1358 ,pretium
550 1290 629 1342 aetas
641 1281 729 1342 altera
740 1280 847 1340 sordet
851 1284 873 1316 “

120 1325 463 1440 Ambigitu'rquidedim?
486 1362 589 1423 Castor
599 1363 868 1425 solataaDolrohos
878 1363 960 1442 plus
1017 1428 1019 1435 s
1039 1376 1050 1386 ‘

111 1444 298 1520 ‚annuarum
310 1443 415 1504 llinuoi
426 1445 566 1505 melius'
538 1465 584 1505 vra
596 1445 680 1507 ducat
693 1464 727 1505 an
742 1447 828 1524 Appi

122 1528 215 1601 Quem
226 1526 360 1587 damnosa
368 1545 475 1604 venus,
492 1546 576 1606 quem
587 1545 728 1606 praeceps
740 1518 802 1589 alea
812 1529 908 1605 nudat
986 1542 989 1547 “

122 1609 218 1672 Gloria
229 1628 312 1689 quem
324 1627 410 1687 supra
420 1612 497 1671 vires
512 1620 542 1671 et
551 1613 638 1670 vestit
649 1620 677 1671 et
689 1612 777 1688 ungit,

122 1693 214 1769 Quem
224 1700 305 1754 tenet
315 1695 423 1771 argenti
436 1696 498 1758 aitis
510 1696 668 1772 importuna
679 1694 836 1793 famesque,
946 1760 950 1763 ,

122 1777 214 1851 Quem
224 1779 399 1856 paupertatis
409 1776 502 1855 pudor
513 1786 542 1837 et
552 1778 639 1856 iuga,
654 1776 735 1837 diues
748 1779 854 1837 amicus

121 1861 330 1939 Saepedeoem
344 1860 440 1921 ratris
431 1862 594 1921 unstruotror
604 1860 665 1921 odat
675 1869 705 1921 et
715 1861 821 1937 horret
934 1864 937 1869 “
1029 1857 1039 1895 ¹

125 1944 192 2021 dut,
212 1943 375 2005 sinonodit
380 1943 622 2021 ,mgitaoveluti
635 1932 782 2022 plamaton

121 2027 187 2088 i'lua
199 2045 282 2108 quam
293 2045 327 2087 se
338 2043 442 2104 sapere
454 2035 484 2087 et
493 2028 642 2088 virtutibus
655 2046 722 2087 esse
734 2028 856 2105 priorem

120 2110 203 2188 Vult,
217 2120 245 2170 et
255 2113 294 2171 art
305 2125 396 2189 prope
407 2128 492 2170 vera
508 2109 639 2187 „lleae-
652 2110 825 2171 contendere
836 2110 911 2174 mli!
923 2144 936 2153 -

120 2194 294 2272 „stultitiam
306 2196 447 2272 patiuntur
457 2210 543 2273 opes3
560 2194 611 2253 tibi
623 2194 738 2272 parvula
749 2212 797 2254 res
809 2203 867 2254 ost:

120 2278 652 2355 „Artadeoetsanumoomitemtogm
665 2278 891 2345 desinemeoum
1000 2338 1004 2349 ,

119 2360 272 2436 „dertare
274 2364 298 2397 “
314 2360 502 2438 Eutrapelus,
516 2363 676 2440 ouiounque
687 2379 794 2422 nouere
807 2361 933 2439 volebat,

118 2443 292 2504 Vestimenta
303 2443 386 2503 dabat
399 2446 539 2521 pretiosa:
555 2443 655 2504 beatus
668 2447 741 2507 enirn
752 2447 806 2505 iam

120 2526 192 2586 Cum
207 2525 332 2604 pulolrria
343 2528 446 2585 tunicis
458 2536 550 2585 sumet
559 2540 634 2586 nova
645 2527 765 2588 consilia
777 2537 805 2587 et
817 2545 896 2605 spes,

118 2609 266 2669 Dormiat
257 2626 286 2666 m
296 2607 407 2682 luoem
424 2617 521 2668 soorto
533 2611 688 2686 postponet
697 2610 846 2670 honestum

120 2691 268 2765 Officium,
290 2705 417 2749 nummos
430 2690 540 2750 alienos
552 2699 667 2768 pascet,
680 2691 813 2751 adamum
917 2746 921 2754 .

118 2774 213 2834 'l'lrrex
228 2776 282 2833 erit
293 2782 340 2833 aut
351 2771 462 2833 olitoris
474 2782 541 2851 aget
550 2773 685 2834 mercede
697 2762 863 2833 oaballum.

73 2872 76 2878 ’
116 2857 257 2917 &eanum
271 2854 820 2956 nequetusorutaberisilliusunquam,
896 2856 902 2863 ”

117 2939 362 3017 Commissumque
372 2949 456 3017 teges
467 2949 497 2999 et
506 2941 574 2999 rino
584 2948 675 3001 tortus
688 2950 716 3001 et
728 2942 779 2999 ira.

116 3022 179 3084 Neo
190 3031 237 3083 tua
248 3022 375 3083 laudabis
388 3022 479 3082 studia
493 3032 541 3083 aut
550 3023 642 3083 aliena
652 3022 819 3102 reprendes,

115 3105 276 3182 Nemeum
287 3108 383 3166 venari
393 3105 472 3165 volet
482 3106 546 3182 ille,
560 3113 692 3184 poemata
703 3124 822 3185 pangas.
850 3138 858 3146 ·

61 3235 75 3261 ,
116 3189 210 3249 Gratia
222 3190 265 3249 sio
277 3189 391 3249 fratrum
407 3192 600 3265 geminorum,
617 3189 784 3267 Amphionis
796 3198 882 3268 atque

116 3273 215 3348 Zethi,
228 3272 366 3349 dissiluit,
382 3271 474 3331 donoc
486 3282 620 3350 suspecta
633 3290 736 3334 severo
