2525 3942
103 224 254 302 [spissa]
309 310 311 315 .
417 219 423 228 ‘
511 218 622 282 LIBER
634 220 664 281 1,

3 391 4 434 t
102 371 231 449 Rursus,
248 371 316 451 quid
328 374 415 432 uirtus
427 379 456 431 et
470 372 538 451 quid
548 374 689 452 sapientia
699 374 801 452 possit,

3 503 4 506 ,
102 454 178 516 Utile
188 455 339 533 proposuit
351 455 434 514 nobis
447 455 593 535 exemplar
603 455 716 533 Ulixen,

44 605 47 611 ,
103 536 158 610 Qui
170 536 292 598 domitor
302 536 406 597 Troiae
416 538 566 598 multorum
578 539 713 617 prouidus
725 539 811 599 urbes

44 676 47 681 Α
100 620 138 681 llt
151 638 247 682 mores
258 621 400 681 hominum
411 623 550 699 inspexit,
568 622 711 702 latumque
724 638 904 701 peraequat,
943 666 946 671 -

2 706 3 712 ’
99 703 174 764 Dum
186 704 258 782 sibi,
271 703 337 764 dum
350 706 438 764 sociis
448 704 568 766 reditum
579 715 674 784 parat,
686 723 788 783 aspera
798 704 883 765 multa

99 786 231 865 Pertulit,
246 787 374 847 adversis
388 806 481 847 rerum
492 788 690 849 immersabilis
701 788 793 849 undis.

2 855 3 894 ³
99 871 230 931 Sirenum
240 887 330 931 voces
342 880 372 931 ot
382 868 484 931 Gircae
495 871 599 949 pocula
613 874 705 941 nosti;

99 953 182 1034 Qpae
194 955 295 1013 sicum
306 956 395 1014 sociis
407 953 508 1015 stultus
521 954 700 1034 cupidusque
711 954 841 1032 bibisset,

97 1037 157 1097 Sub
168 1036 441 1098 domincmeretrice
452 1037 554 1097 luisset
565 1036 674 1116 turpis,
687 1045 716 1096 et
732 1053 838 1098 excors

96 1119 224 1180 Vixisset
235 1122 312 1181 oanis
323 1120 481 1181 immundus
491 1121 539 1181 uel
554 1122 644 1182 amica
657 1122 717 1182 luto
729 1139 788 1183 sus.

95 1202 301 1264 Nosnumerns
312 1222 408 1264 sumus
427 1213 456 1265 et
466 1205 565 1284 fruges
579 1222 749 1265 consumere
759 1206 845 1283 nati,

96 1287 201 1365 Sponsi
212 1286 390 1366 Penelopae,
403 1287 577 1362 nebulones,
590 1288 763 1368 Alcinoique

95 1369 127 1431 ln
138 1379 204 1431 cute
215 1370 336 1431 curanda
349 1369 413 1448 plus
424 1388 518 1448 aequo
531 1381 647 1450 operata
657 1374 800 1449 iuventus,

95 1452 149 1515 Gui
160 1452 308 1531 pulchrum
318 1452 372 1511 init
382 1454 410 1512 in
421 1453 530 1513 medios
542 1454 665 1514 dormire
677 1455 739 1514 dies
751 1462 781 1514 ot
866 1513 868 1517 ,

94 1535 140 1596 Aul
155 1536 304 1613 strepitum
315 1534 439 1606 citharae
454 1544 595 1598 cessatum
606 1535 712 1596 ducere
726 1552 830 1595 curam.

93 1618 132 1680 Ut
142 1618 271 1697 iugulent
280 1618 426 1695 homines,
440 1627 560 1697 snrgum
569 1618 607 1679 de
617 1628 704 1679 nocte
715 1618 855 1679 latrones:

9 1752 17 1764 ,
93 1701 131 1763 Ut
142 1711 171 1763 te
182 1704 276 1782 ipsum
288 1719 405 1778 serves,
418 1716 475 1763 uon
487 1699 723 1779 expergisceris?
739 1700 826 1779 Atqui

94 1785 126 1846 Si
135 1785 219 1847 noles
231 1801 446 1863 sanus,.curres
457 1784 688 1865 hydropicus;et
698 1786 728 1845 ai

91 1869 201 1930 Posccs
218 1878 283 1930 ante
294 1868 370 1929 diem
380 1868 482 1929 lilirum
494 1886 558 1930 cum
568 1868 688 1946 lumine,
699 1870 724 1928 si
734 1884 795 1927 non

91 1951 225 2015 Intendes
236 1954 357 2013 animum
365 1952 468 2014 studiis
481 1962 510 2013 et
521 1952 607 2012 rebus
618 1952 758 2028 honestis,

91 2035 199 2097 Invidia
209 2035 257 2096 vel
270 2054 367 2097 amore
381 2036 451 2114 uigil
467 2036 651 2115 torquebere
673 2034 745 2095 Natu
756 2050 817 2112 cur,

91 2119 174 2193 Quae
183 2117 298 2181 laedunt
309 2119 439 2197 oculum
455 2120 572 2181 iestmas
583 2118 713 2188 demere
724 2138 749 2178 ιι
742 2118 829 2197 quud
894 2176 898 2183 .

90 2202 143 2264 Est
153 2204 289 2280 animum,
307 2203 530 2265 differscurantli
540 2191 890 2281 tempusiuannum?

89 2285 320 2348 Dimidiumfacti
327 2289 398 2367 ,qui
411 2289 524 2367 coepit,
537 2288 637 2348 babet·
629 2286 852 2366 supercande3
919 2341 922 2344 ,

90 2366 201 2455 Incipe.
226 2369 282 2443 Qus
292 2380 373 2432 recte
383 2371 496 2433 rrvendr
508 2379 648 2449 prorogat
658 2372 766 2447 horum,

89 2453 224 2514 Rusticus
237 2463 402 2532 exspectat,
415 2454 480 2513 dum
492 2453 597 2514 defluat
607 2472 714 2523 amnas
728 2460 757 2513 at
767 2452 816 2513 rllc

88 2536 203 2598 Labitur
215 2544 244 2596 ct
255 2535 386 2596 labetur
377 2555 406 2595 m
417 2552 500 2595 omne
511 2536 646 2595 volubilis
665 2554 775 2595 acuum.

90 2619 244 2693 Quaeritur
253 2625 403 2695 argentum
415 2618 570 2695 puerisque
580 2618 664 2677 beata
678 2614 807 2676 creandis

89 2702 187 2778 Uxor,
201 2708 229 2761 et
240 2700 362 2761 incultae
373 2708 509 2779 pacantur
518 2716 637 2760 vomere
649 2698 757 2759 silvae:

91 2784 176 2858 Quod
187 2786 257 2845 satis
274 2793 319 2845 est
330 2786 376 2844 cui
388 2784 542 2861 contingit,
555 2782 624 2843 nihil
635 2780 755 2860 amplius
768 2790 858 2861 optat.

88 2867 154 2930 Nou
166 2868 266 2928 domus
278 2877 308 2930 et
320 2868 442 2944 fundus,
455 2883 513 2928 uon
524 2867 599 2927 aeris
610 2882 731 2926 aceruos
744 2875 773 2926 et
786 2867 846 2927 auri
939 2934 941 2941 ,

88 2951 220 3052 Aegrotp
232 2950 337 3012 domini
352 2948 468 3013 deduxit
479 2966 604 3030 corpore
614 2948 724 3027 febres,

88 3036 154 3098 Non
164 3038 257 3097 ammo
268 3052 365 3097 curas
375 3035 470 3097 valeto
481 3050 638 3113 possessor
638 3033 774 3111 oportet

88 3120 121 3181 si
136 3121 320 3198 comportatis
330 3120 416 3181 rebus
426 3119 501 3180 bene
515 3119 623 3197 cogitat
634 3119 684 3178 uti.

89 3203 145 3277 Qui
161 3204 239 3282 cupit
249 3210 296 3264 aut
307 3205 421 3283 metuit,
435 3204 511 3263 iuvat
523 3201 601 3263 illum
615 3203 660 3263 sic
674 3200 774 3262 domus
786 3209 815 3262 et
826 3190 886 3278 res,

88 3285 126 3349 Ut
136 3286 244 3366 lippum
256 3288 349 3365 protae
360 3286 490 3364 tabulae
512 3285 638 3354 fomenta
648 3284 812 3364 podagram

1031 629 1072 691 20
