2525 3942
297 259 302 267 ·
411 254 468 293 ,-
569 193 768 288 csuuuuuu‘r

544 423 644 476 omo
661 421 813 500 ΙΧΧΨΙῙ.

465 539 529 591 ΑΙ)
565 530 892 591 ofrtLATEAM.

348 641 454 722 Impius
467 661 565 722 parrae
578 643 827 725 retinentisomeu

347 725 440 787 Durat
451 736 479 786 et
490 743 648 805 praegnans
661 729 754 802 oanis,
770 735 817 788 aut
830 727 865 788 ab
877 745 946 806 agro

347 811 425 870 Rura
437 808 589 872 decurrens
601 809 667 888 lupa
678 809 818 871 Lanuvino

397 894 524 974 Fetaque
538 894 640 972 vulpes
652 915 659 962 ;

321 1060 326 1064 ·
347 1045 468 1124 Rumpat
482 1055 511 1106 et
522 1065 643 1126 serpeus
654 1050 708 1108 iter
722 1048 888 1123 institutum,
940 1087 944 1094 ·

274 1189 279 1195 ,
346 1130 376 1187 Si
388 1147 441 1207 per
455 1129 599 1208 obliquum
609 1131 708 1192 similis
724 1133 843 1209 sagittae

345 1211 455 1272 Terruit
472 1231 601 1275 manuos:
621 1232 677 1294 ego
690 1217 734 1276 oui
746 1216 862 1291 timebo,

396 1294 532 1357 Providus
543 1316 661 1378 auspex,

216 1516 221 1527 „
343 1414 506 1527 interm
516 1460 622 1511 stantes
636 1458 748 1529 repetat
763 1450 881 1528 paludes

343 1531 475 1593 Imbrium
486 1533 578 1595 diviua
588 1536 649 1596 avia
662 1536 860 1612 imminentum,

344 1613 604 1680 Osoiuemoorvum
618 1636 705 1698 preoe
722 1619 865 1678 suscitabo

394 1700 470 1761 Solis
484 1700 519 1762 ab
531 1711 603 1763 ortu.

341 1854 387 1913 Sis
397 1852 466 1914 iicet
478 1853 564 1931 felix,
579 1856 740 1934 ubicunque
751 1857 850 1931 mavis,

306 1958 308 1965 ·
339 1935 613 2015 Etmemoruostri,
634 1936 864 2016 Galatea‚uivas‚

341 2019 439 2100 Teque
450 2040 505 2082 neo
514 2021 612 2082 laeuus
624 2031 704 2082 vetet
716 2024 758 2083 ire
770 2024 851 2100 pirus

388 2105 451 2166 Nee
465 2123 536 2182 vaga
548 2109 655 2166 cornix.

338 2255 396 2316 Sed
406 2255 502 2331 vides,
520 2264 624 2332 quanto
635 2257 759 2334 trepidet
769 2219 885 2318 tumultu

210 2362 214 2368 ¹
338 2337 554 2398 Prouus0riou.
596 2338 661 2417 Ego
676 2340 744 2419 quid
755 2342 791 2400 sit
801 2345 862 2400 dier

336 2421 457 2482 Hadriae
471 2423 642 2500 aurisinae,
657 2433 685 2484 et
696 2421 763 2503 quid
774 2424 853 2485 albus
933 2490 943 2498 ,

390 2503 603 2584 Peucetldpyx.

260 2665 267 2679 ’
335 2657 465 2720 Hostium
480 2675 583 2721 uxores
595 2663 733 2743 puerique
750 2673 868 2724 oaeoos·

326 2744 462 2805 ¹Seutiaut
472 2755 564 2805 motus
583 2749 700 2808 orientis
713 2747 809 2808 Austri
824 2757 852 2808 et

334 2818 477 2906 Aequoris
487 2832 559 2907 nigri
572 2831 711 2892 fremitum
724 2841 753 2891 et
765 2839 916 2892 trementes

382 2909 511 2973 Verbere
523 2915 610 2991 ripas.
646 2968 651 2978 ,

335 3064 383 3123 Sic
399 3072 428 3120 et
438 3061 555 3140 Europe
566 3065 679 3123 niveum
690 3063 792 3124 doloso

334 3145 460 3206 Credidit
472 3155 551 3206 tauro
566 3145 655 3225 latus,
668 3157 697 3207 et
712 3156 866 3208 scatentem

331 3229 438 3289 Belluis
454 3239 568 3308 poutum
579 3232 743 3311 mediasque
759 3231 871 3292 fraudes

380 3311 480 3374 Palluit
494 3313 597 3376 audax:

1028 229 1092 306 [or.
1106 231 1162 308 ru]
