2525 3942
5 289 6 300 t
80 229 279 313 tepuerat·
459 323 464 331 ⁸
506 230 651 318 nuent.
1005 232 1067 295 ano

4 419 9 572 l
412 433 662 490 nensnonn
680 434 745 489 x1.

369 541 427 593 nn
461 539 784 611 concurrunt.

4 725 5 734 χ
94 661 170 735 Quid
183 662 234 723 tibi
244 664 306 723 visa
317 658 422 736 Chios,
435 658 554 735 bullati,
569 668 694 738 notaqw
704 658 827 734 Lesbos,

93 744 169 817 eud
180 746 317 806 concinna
328 744 445 819 Sarnos,
463 741 532 820 quid
543 739 645 802 Croesi
656 745 736 821 regia
747 740 854 820 Sardis,
888 778 893 783 -

93 829 212 903 Smyrna
223 826 290 905 quid
302 834 332 885 et
341 822 513 904 Colophon?
530 826 637 885 maiora
649 828 794 885 minorane
806 818 899 884 iamai

4 911 5 916 ’
93 908 238 971 Cunctaue
252 927 321 987 prae
333 924 434 985 campo
445 917 474 968 et
486 906 620 970 Tiberino
630 908 744 969 flumine
755 906 883 984 sordent,

90 993 136 1052 An
150 994 229 1053 venit
238 994 267 1052 in
279 1000 375 1051 votum
385 989 515 1050 Attalicis
529 1008 567 1050 ex
576 991 693 1051 urbibus
704 1010 769 1068 una,
926 1024 930 1031 ·
1043 992 1062 1053 5

90 1075 136 1135 An
146 1073 293 1142 Lebedum
302 1074 403 1135 laudas
416 1072 482 1133 odio
493 1074 578 1134 maris
589 1084 675 1153 atque
689 1071 818 1135 viarum?

92 1158 172 1235 Scis,
187 1157 317 1218 Lebedus
329 1157 459 1237 quidsit:
475 1154 572 1217 Gabiis
583 1156 726 1217 desertior
735 1166 821 1237 atquc

91 1240 206 1302 Fidenis
218 1244 313 1310 vicus3
323 1250 416 1301 tannen
426 1239 486 1309 illic
496 1240 595 1300 rivere
606 1240 723 1317 vellent,

3 1353 4 1357 ,
93 1324 262 1402 Oblitusque
273 1341 401 1383 meorum
412 1322 625 1382 obliviscendus
639 1332 668 1383 et
678 1323 735 1384 illis

3 1463 4 1488 ;
90 1406 250 1484 Neptunum
262 1405 476 1484 proculeterra
486 1415 618 1482 spectare
628 1406 778 1466 furentem.
884 1416 889 1421 ’“

3 1495 4 1500 ’
91 1490 150 1549 Sed
161 1507 272 1567 neque,
294 1481 677 1567 quillapualiomambetit,
693 1487 910 1566 imbrelutoque

3 1611 4 1618 κ
93 1570 255 1651 Adspersus
265 1569 381 1631 voletin
397 1572 648 1647 cauponavivere3
665 1588 735 1646 nec,
751 1572 799 1647 qui

90 1654 193 1733 Frigus
206 1654 339 1733 collegit,
353 1653 452 1713 lurnos
463 1662 492 1713 et
502 1652 603 1712 balnea
613 1651 718 1729 laudat,

90 1739 128 1800 Ut
141 1740 308 1799 fortunatam
319 1736 404 1815 plene
416 1737 587 1815 praestantia
598 1738 693 1795 ritarn.

92 1821 171 1898 Nec,
192 1823 216 1881 si
228 1829 257 1881 tc
269 1819 379 1881 validus
391 1821 536 1879 iactaverit
546 1817 653 1879 Auster
663 1821 692 1878 in
703 1817 780 1899 altor

90 1904 202 1965 ldeirco
214 1922 315 1964 navem
325 1912 401 1963 trans
411 1901 557 1981 Aegaeum
568 1920 645 1962 mare
656 1896 772 1961 vendas.

16 2050 30 2073 x
90 1988 226 2048 lncolumi
237 1986 355 2047 Rbodos
367 1995 397 2046 et
406 1983 542 2061 Mitylene
553 1984 671 2064 pulchra
681 1985 767 2059 iacit,
789 1984 867 2063 quod

89 2069 212 2132 Paenula
222 2070 362 2145 solstitio,
383 2078 543 2147 campestre
556 2068 695 2129 nivalibus
706 2069 792 2145 auris,

90 2151 144 2213 Per
154 2154 279 2213 brumam
291 2152 420 2230 Tiberis,
437 2152 536 2213 Sextili
551 2170 650 2211 mense
662 2144 801 2217 caminus?

88 2236 162 2299 llum
171 2236 240 2297 iicet
250 2254 284 2297 ac
296 2236 402 2296 vultum
413 2244 507 2296 senat
516 2233 640 2295 Fortuna
651 2235 814 2313 benignum,

88 2320 197 2381 Rornae
207 2318 336 2380 laudetur
346 2321 446 2380 Sanaos
458 2328 487 2378 et
498 2317 588 2380 Cbios
599 2328 628 2377 et
639 2318 757 2378 Rhodos
768 2318 883 2379 absens.

43 2450 47 2457 .
88 2402 146 2479 Tu,
167 2421 363 2482 quameunque
376 2402 822 2478 deustibiiortunuveritboranr‚

2 2540 3 2543 ,
89 2486 174 2547 Grata
185 2504 264 2545 surne
274 2495 375 2561 uranu,
392 2504 449 2543 neu
463 2484 557 2544 dulcia
567 2485 687 2544 dillerin
698 2502 809 2558 annunt,

2 2561 3 2572 ¹
87 2569 141 2645 Ut,
156 2583 327 2646 quocunque
337 2566 403 2625 loco
415 2567 521 2642 lucris,
539 2568 647 2625 vixisse
658 2565 779 2624 libenter

88 2650 132 2710 Te
144 2650 237 2709 dicas:
253 2667 318 2708 narn
332 2651 357 2707 si
368 2650 438 2707 ratio
450 2656 479 2706 ct
491 2648 637 2724 prudentia
648 2664 742 2722 curas,

88 2733 154 2795 Non
168 2733 251 2804 locus
266 2731 349 2791 effusi
360 2731 416 2790 late
426 2732 510 2791 maris
521 2730 626 2790 arbiter
637 2729 743 2797 aniert;

90 2814 226 2892 (ioelum,
241 2831 299 2874 non
309 2816 429 2875 animum
440 2822 559 2891 mutant,
581 2814 629 2891 qui
640 2820 715 2873 trans
726 2828 802 2870 rnare
814 2817 936 2869 currunt.

2 2891 3 2956 3
88 2900 208 2961 Strenua
217 2916 272 2959 nos
282 2906 398 2959 exercet
409 2898 524 2956 inertia:
541 2897 659 2957 navbus
670 2904 755 2977 atquc

89 2981 242 3061 Quadrigis
253 2985 375 3060 petimus
385 2980 460 3041 bene
472 2982 584 3045 vitem,
604 2977 689 3052 Quod
701 2978 792 3056 petis,
808 2977 855 3037 bic
867 2984 921 3054 est,

86 3065 282 3143 Estlllubris,
300 3068 408 3126 animus
420 3065 445 3122 si
456 3072 485 3123 te
495 3062 663 3139 nondelicit
677 3078 796 3142 aequus.

495 3272 643 3281 —---—--
