2525 3942
77 240 82 249 -
188 165 314 271 sss*
406 205 442 225 ³
550 210 812 302 nrrsromnnu
1010 209 1161 289 [spinal-1

190 362 253 427 240
273 361 485 440 Pingeret,‘ant
498 362 571 421 alins
579 360 706 440 Lysippo
720 361 837 421 duceret
847 380 914 421 aera
1250 324 1252 447 l

272 443 366 506 Fortis
377 444 530 505 Alexandri
539 443 647 504 vultum
659 445 825 505 simulantia.
850 443 961 516 Quodsi
1251 448 1252 455 ’

272 526 409 591 Indicium
420 526 524 596 subtile
535 526 665 587 videndis
677 527 782 587 artibns
794 528 864 587 illud

153 681 160 699 x
270 609 316 671 Ad
327 611 416 671 libros
431 619 461 669 et
475 610 509 670 ad
521 611 592 669 haee
602 610 744 690 Musarum
757 610 830 670 dona
843 628 978 671 vocares:

271 693 412 754 Boeotum
423 696 451 753 in
465 711 564 753 orasso
576 696 684 755 iurares
696 701 765 753 aere
777 702 881 753 natum.

188 776 248 839 245
270 775 309 836 At
316 796 411 855 neque
423 776 595 848 dedecorant
608 786 655 837 tua
667 777 704 837 de
716 794 748 835 se
760 776 863 836 iudicia
875 783 959 853 atque

270 858 402 937 Munera,
421 877 493 937 qnae
505 859 590 919 multa
601 860 692 920 dantis
708 876 771 918 enm
781 858 865 918 lande
876 856 999 917 tulerunt
1084 870 1089 878 ·

270 942 376 1003 Dileoti
387 943 438 1002 tibi
448 942 584 1019 Virgilius
595 944 755 1020 Variusque
769 942 884 1019 poetae,

271 1024 334 1085 Neo
345 1028 435 1103 magis
448 1028 578 1102 expressi
588 1026 682 1085 vultus
695 1042 748 1102 per
758 1025 867 1085 ahenea
878 1026 969 1100 signa,

272 1108 363 1180 Quam
375 1126 428 1185 per
437 1110 509 1167 vatis
522 1125 595 1186 opus
606 1126 701 1167 mores
713 1110 854 1185 animique
865 1109 989 1166 virorum

96 1228 101 1231 -
186 1191 249 1253 260
270 1188 417 1257 Clarorum
430 1200 577 1268 apparent.
599 1190 662 1250 Neo
674 1205 823 1251 sermones
837 1206 893 1267 ego
901 1190 1015 1248 mallem

270 1272 416 1352 Repentes
428 1288 480 1351 per
488 1273 617 1349 humum,
637 1292 720 1354 qnam
730 1292 778 1335 res
790 1290 963 1351 componere
978 1281 1088 1350 gestas,

211 1358 215 1370 “
270 1354 475 1434 Terrarumque
489 1358 560 1416 sitos
571 1367 600 1417 et
614 1356 726 1417 domina
742 1358 838 1418 dioere
852 1365 880 1415 et
891 1373 972 1415 aroes

268 1437 411 1499 llontibus
422 1441 570 1517 impositas
581 1450 610 1499 et
620 1440 739 1500 barbara
749 1459 851 1517 regna,
863 1440 977 1516 tnisqne

268 1520 414 1599 Auspiciis
427 1531 517 1583 toturn
528 1524 660 1594 eonieota
672 1524 765 1583 duella
777 1530 829 1601 per
840 1521 949 1596 orbem,

185 1606 245 1667 too
270 1603 455 1683 Claustraqne
468 1606 614 1666 custodem
621 1609 709 1685 ‘pacis
724 1606 883 1666 cohibentia
896 1602 1001 1679 lanum,
1016 1607 1018 1613 ’

184 1737 187 1739 ,
216 1713 220 1720 =
259 1686 305 1747 'Et
316 1688 490 1749 formidatam
501 1687 610 1749 Parthis
621 1700 650 1751 te
663 1686 790 1769 principe
801 1688 930 1763 Romam,

198 1839 202 1843 ⁴
269 1771 299 1830 Si
311 1781 443 1849 qnantum
455 1790 606 1851 onperem,
629 1790 746 1851 possem
760 1788 889 1851 quoqne;
903 1769 961 1829 'sed
979 1787 1073 1847 neque
1092 1787 1160 1848 par·
1251 1786 1252 1807 ¹

426 1875 430 1884 ·
843 1872 907 1913 vum
1053 1874 1057 1879 ·

269 1933 390 1996 Carmen
399 1939 532 1998 maiestas
542 1940 646 2017 recipit
656 1950 720 2016 tua,
735 1957 790 2002 nee
801 1947 883 1997 mens
892 1934 975 1995 audet

267 2018 339 2078 Rern
349 2028 458 2079 tentare
473 2021 580 2098 pudor,
597 2041 681 2100 quam
692 2025 768 2088 vires
779 2023 855 2086 serre
867 2020 1018 2080 recusent'

184 2104 245 2164 260
267 2101 409 2161 Sedulitas
421 2112 530 2180 antem,
547 2105 633 2164 stulte
645 2124 727 2183 quem
740 2105 844 2182 diligit,
863 2111 955 2181 urget,

265 2182 421 2262 Praeoipne
433 2202 497 2244 enm
507 2204 540 2245 se
551 2190 674 2247 numeris
687 2187 863 2247 commendat
874 2195 902 2245 et
912 2193 986 2243 arte:

265 2265 358 2325 Disoit
369 2268 442 2325 enirn
454 2268 536 2327 eitius
548 2272 729 2347 meminitque
740 2269 871 2329 libentius
883 2266 962 2343 illud,

210 2382 217 2386 -
267 2347 352 2420 Quod
363 2351 427 2427 quis
439 2349 564 2428 deridet,
584 2368 666 2429 quam
679 2351 755 2430 qnod
768 2350 868 2429 prohat
881 2358 909 2411 et
921 2359 1080 2409 veneratur.

257 2430 313 2497 ,tttt
324 2447 420 2491 moror
433 2430 572 2511 oiiioinnr',
592 2435 669 2512 qnod
680 2452 725 2494 me
736 2443 848 2513 gravat,
865 2452 898 2494 ao
910 2450 1003 2511 neque
1015 2434 1082 2493 licto

182 2512 242 2580 266
265 2513 297 2586 ln
311 2516 393 2593 peius
405 2516 482 2576 vultu
495 2520 615 2595 proponi
627 2536 729 2578 nereus
742 2536 859 2597 usquam

263 2596 326 2657 Neo
337 2615 423 2675 prave
434 2600 517 2659 laetis
528 2600 657 2661 deuorari
668 2602 798 2661 versibus
811 2611 892 2679 opto,

264 2680 308 2740 Ne
319 2681 433 2741 rubeam
444 2684 542 2760 pingui
557 2683 675 2745 donatus
687 2704 819 2760 munere,
839 2693 867 2743 et
879 2700 942 2747 nna-

265 2761 336 2822 Gnm
347 2767 488 2842 soriptore
500 2784 564 2847 meo
577 2786 664 2847 oapsa
677 2779 825 2847 porrectus
838 2776 934 2844 aperta

263 2846 384 2906 Deseror
395 2850 423 2907 in
434 2846 526 2909 vicum
538 2852 706 2913 vendentem
716 2854 779 2912 thus
794 2860 821 2909 et
830 2850 938 2926 ‚odores

39 2978 45 2982 .
178 2930 241 2991 270
263 2928 301 2988 llt
316 2931 398 3007 piper
413 2941 442 2992 et
457 2932 593 3013 quidquid
606 2936 710 2995 ohartis
721 2936 849 2995 amicitur
860 2932 976 3009 ineptis.
