2525 3942
451 288 456 299 ,
568 218 769 310 oaurrruuu
859 222 868 226 ·
984 221 1129 300 [caca]

311 377 419 436 Audire
430 391 548 451 magnos
562 375 614 431 iam
627 372 727 432 videor
738 367 838 433 (luces'
941 445 945 449 .

312 460 376 520 Non
385 458 522 518 indecoro
539 455 657 533 pulvere
669 455 812 532 sordidos,

361 542 399 603 Et
414 550 515 601 cuncta
529 549 665 598 terrarum
683 539 800 600 subacta

417 623 534 684 Praeter
545 631 670 682 atrocem
686 622 806 682 animum
818 620 945 684 Catonis.

108 779 114 789 2
314 749 386 810 luno
398 759 426 825 et
439 749 557 808 deorum
569 749 697 827 quisquis
713 750 830 808 amicior

312 833 389 894 Afris
401 830 487 893 inulta
503 841 630 890 cesserat
641 833 783 908 impotens

363 915 487 991 Tellure,
502 916 642 974 victorum
654 922 786 990 nepotes
801 906 806 918 '

418 997 526 1058 Retulit
536 997 652 1056 inferias
665 995 826 1074 Iugurthae.

86 1118 91 1127 “
193 1123 204 1129 “
289 1108 387 1197 'Quis
397 1138 454 1181 uon
464 1119 562 1181 latino
578 1115 716 1198 sanguine
727 1121 861 1218 pinguior

315 1204 438 1282 Campus
451 1203 591 1282 sepulcris
604 1206 688 1281 impio
704 1203 813 1280 proelia

364 1288 493 1349 Testatur
504 1287 685 1366 auditumque
695 1285 787 1360 Medis
860 1299 864 1306 ’
934 1303 939 1314 ·

418 1369 577 1453 Hesperiae
591 1373 713 1429 sonitum
728 1367 845 1432 ruinae?

314 1494 370 1568 Qui
384 1513 490 1573 gurges
502 1503 552 1554 aut
567 1513 640 1572 quae
653 1495 764 1554 ilumina
782 1494 910 1572 lugubris
1022 1529 1026 1540 «

275 1592 280 1600 “
314 1576 413 1656 Ignara
425 1575 513 1638 bellil
531 1575 609 1656 quod
621 1596 699 1638 mare
709 1577 836 1650 Dauniae

365 1662 430 1723 Non
445 1661 650 1722 decoloravere
668 1657 792 1721 caedes?

420 1744 502 1818 Quae
515 1755 592 1806 caret
605 1761 655 1805 ora
667 1763 771 1826 eruore
785 1739 907 1821 nostro?

214 1928 217 1937 ,
315 1869 384 1947 Sed,
397 1888 434 1930 ue
444 1870 564 1947 relictis,
580 1869 662 1930 Musa
673 1888 791 1949 procax,
804 1870 877 1929 iocis

316 1951 393 2014 (leae
408 1963 546 2014 retractes
557 1971 672 2013 munera
687 1955 799 2029 neniae,
977 1955 981 1964 ’

363 2037 476 2097 Mecum
486 2036 616 2097 Dionaeo
633 2036 686 2094 sub
697 2043 776 2095 antro
827 2031 831 2040 '

420 2119 534 2193 Quaere
547 2118 649 2210 melios
660 2118 770 2177 leviore
781 2118 902 2195 plectro.

558 2443 661 2499 ocur
674 2444 725 2500 ιι.
782 2429 787 2438 ’

373 2545 472 2605 AD'G.
493 2549 729 2606 SALLUSTIUM
747 2551 916 2608 calseum,

314 2651 414 2712 Nullus
429 2661 549 2731 argento
562 2647 644 2714 color
654 2663 700 2715 est
714 2654 806 2715 avaris

229 2779 234 2785 .
312 2734 521 2813 Abditotcrris‚
534 2739 648 2798 iuimic‘e
660 2737 768 2798 lamnae
786 2743 791 2752 '

258 2830 260 2835 '
314 2816 416 2898 Crispe
425 2820 551 2897 Sallusti,
563 2823 618 2880 uisi
633 2829 790 2897 temperato

241 2954 248 2961 .
360 2903 591 2982 Splendeatusu.

264 3088 270 3103 2
313 3043 398 3104 Vivet
413 3052 527 3103 extemo
539 3040 707 3102 Proculeius
718 3056 802 3117 aevo,

217 3167 224 3175 ι
298 3127 404 3187 ‘Notus
414 3126 442 3185 iu
454 3125 555 3185 iratres
567 3125 651 3184 animi
667 3127 792 3203 paterni:

311 3207 394 3286 Ilium
404 3216 471 3285 aget
484 3226 574 3285 penca
584 3217 728 3270 metuente
738 3208 813 3270 solvi

336 3323 341 3330 ·
361 3290 445 3351 Fama
457 3301 614 3371 superstes.
