2525 3942
7 237 8 284 l
113 227 214 295 [Epist.
225 225 265 293 3.]
442 246 450 253 ·
494 219 659 281 ‚blltltltli

7 315 12 364 l
91 358 95 365 .

112 369 180 430 Post
190 371 265 431 bunc
277 388 419 449 personae
431 371 581 450 pallaeque
591 382 724 451 repertor
735 374 873 435 honestae

112 453 272 530 Aeschylus
284 462 312 515 et
322 454 442 514 modicis
453 456 583 515 instravit
594 457 703 535 pulpitn
715 458 811 534 tignis,

111 536 146 597 lit
158 537 255 597 docuit
268 556 456 615 magnumque
466 537 546 617 loqui
557 542 666 618 nitique
673 540 829 600 cotbumot

113 622 258 681 Successit
268 630 351 680 vetus
361 621 405 680 bis
417 622 583 699 comoedia,
598 640 655 683 non
670 626 731 683 sine
742 622 826 682 multa

6 727 7 766 u
111 703 220 773 Laude;
238 704 291 764 sed
303 706 439 766 invitium
450 704 567 766 libertas
578 708 684 767 excidit
695 708 790 765 etvim

111 787 231 864 Dignam
242 788 309 865 lege
320 790 401 865 regi:
416 788 465 848 lex
476 797 521 849 est
530 799 666 868 accepte,
683 790 845 868 chorusque

112 870 244 946 Turpiter
255 871 374 930 obticuit
384 871 496 931 sublnto
507 875 568 933 iure
581 873 713 945 nocendi.

112 952 157 1017 Nil
172 956 335 1013 intentatum
346 956 435 1014 nostri
447 954 559 1033 liquere
570 964 691 1033 poetam

111 1036 173 1095 Nec
183 1038 324 1095 minimum
334 1056 464 1097 meruere
477 1039 583 1115 decus,
597 1040 719 1117 vestigia
731 1038 840 1099 Graece
865 1096 867 1099 .
921 1114 923 1118 ι

63 1118 69 1127 ’
111 1120 181 1189 Ausi
196 1119 332 1180 deserere
343 1120 531 1182 et'celebrare
542 1121 699 1183 domestica
710 1122 795 1198 facta,

8 1252 13 1263 ,
110 1202 165 1263 Vel
176 1206 223 1282 qui
235 1212 398 1281 praetextas
408 1205 457 1264 rel
468 1209 516 1284 qui
528 1206 652 1266 docuere
663 1214 786 1284 togatas.

112 1286 174 1347 Nec
184 1289 288 1346 virtute
299 1286 375 1347 foret
391 1288 512 1349 clarisve
525 1292 667 1367 potentius
679 1290 774 1365 armis,

113 1370 202 1444 Quam
213 1369 329 1446 lingua,
341 1368 465 1447 Latium,
482 1374 506 1430 si
520 1390 575 1432 non
587 1373 746 1432 offenderet
756 1390 852 1430 nnum-

113 1470 255 1533 quemque
265 1458 414 1529 poetarum
424 1454 508 1534 limae
519 1454 601 1518 labor
611 1463 640 1515 et
651 1472 738 1514 mora.
761 1454 872 1529 Vos,0
979 1466 980 1471 ’

66 1583 69 1592 .
112 1535 266 1613 Pompilius
278 1537 410 1613 sanguis,
431 1554 543 1597 carmen
552 1536 767 1615 reprehendite,
784 1536 862 1615 quod
876 1552 934 1595 non

111 1620 199 1680 blulta
212 1619 273 1679 dies
286 1628 315 1679 et
324 1617 411 1679 multa
423 1617 505 1680 litnrn
516 1622 645 1680 coercuit
659 1629 745 1697 atque
865 1696 870 1701 ι

110 1704 270 1764 Perfectum
281 1703 381 1762 decies
391 1720 449 1762 non
460 1706 608 1782 castigavit
618 1703 654 1763 nd
668 1720 800 1781 unguem.

111 1788 257 1866 ingenium
268 1788 372 1845 misera
383 1788 448 1865 qnia
459 1785 627 1848 fortunatius
638 1796 697 1848 arte

113 1870 210 1931 Credit
221 1879 249 1930 et
261 1869 483 1930 excludit‘sanos
497 1870 636 1930 llelieone
650 1876 751 1955 poetas

110 1955 307 2031 Democritus,
323 1954 398 2015 bona
412 1970 478 2031 pars
489 1969 546 2014 non
556 1973 667 2032 ungues
680 1970 788 2032 ponere
801 1959 890 2028 curat,

111 2037 175 2098 Non
185 2038 310 2115 barbam,
324 2047 437 2098 secreta
449 2042 519 2115 petit
529 2038 612 2115 loca,
629 2038 730 2100 balnea
740 2038 818 2096 vitat.

110 2121 298 2181 Nanciscetur
307 2124 382 2181 enim
394 2124 514 2200 pretinm
527 2138 688 2200 nomenque
700 2127 816 2198 poe'tee,

111 2206 142 2264 Si
153 2206 242 2264 tribus
256 2205 400 2281 Anticyris
412 2214 496 2283 caput
510 2205 666 2265 insanabile
677 2220 817 2283 nunquam

110 2288 231 2348 Tonsori
241 2288 339 2349 Licino
351 2291 533 2349 commiserit.
558 2288 582 2348 0
594 2306 652 2366 ego
663 2289 773 2365 laevus,

111 2371 166 2445 Qui
178 2389 285 2450 purgor
298 2371 385 2433 bilem
395 2373 448 2433 sub
460 2374 541 2433 verni
552 2373 690 2450 temporis
700 2370 811 2431 borum!

108 2455 174 2515 Non
183 2454 255 2515 nlius
266 2455 374 2515 faceret
385 2457 504 2516 meliora
515 2463 648 2533 poemata
658 2488 668 2514 1.
679 2499 686 2513 .
697 2498 704 2514 .
716 2472 815 2514 verum

110 2538 158 2597 Nil
169 2540 237 2597 tanti
252 2546 306 2596 est.
328 2537 408 2614 Ergo
420 2539 522 2616 iungar
531 2540 597 2597 rice
608 2540 698 2612 cotis,
710 2544 823 2597 acutum

109 2619 244 2680 Reddere
256 2638 329 2697 qnae
339 2621 445 2679 ferrum
454 2619 549 2696 ualet,
569 2638 670 2680 exsors
683 2622 745 2696 ipsa
756 2617 884 2684 secandi:
1008 2668 1011 2672 .

108 2703 212 2764 blnnus
223 2712 254 2765 et
263 2703 404 2778 officinm,
416 2703 455 2762 nil
467 2704 595 2763 scribens
608 2706 689 2781 ipse,
703 2700 828 2775 docebo,

109 2787 193 2847 Unde
204 2795 340 2864 parentur
350 2803 440 2863 opes,
453 2786 521 2864 quid
532 2786 588 2847 nlat
599 2786 761 2864 formetque
774 2790 898 2861 poetam,

109 2868 185 2944 Quid
197 2870 314 2946 decent,
335 2869 402 2949 quid
411 2886 486 2946 non,
500 2887 558 2949 qno
568 2871 748 2947 virtus,‘quo
758 2868 830 2927 feret
841 2882 930 2931 error.

108 2954 258 3015 Scribeudi
270 2962 350 3013 recte
361 2970 465 3031 sapere
478 2962 562 3013 estet
574 2954 741 3032 principium
753 2960 782 3011 et
792 2950 870 3011 fons:

107 3038 182 3098 Rem
190 3039 242 3098 tibi
254 3037 417 3096 Socraticae
433 3045 564 3114 poterunt
574 3037 728 3097 ostendere
743 3036 867 3109 chartae,

107 3121 261 3198 Verbaque
272 3121 415 3197 prouisam
424 3137 485 3179 rem
495 3136 553 3179 uon
562 3121 650 3180 invita
660 3127 824 3199 sequentur.

109 3205 166 3279 Qui
182 3202 294 3279 didicit,
312 3203 420 3280 patriae
431 3202 499 3280 qnid
513 3203 619 3264 debent
628 3212 658 3263 et
668 3202 736 3282 quid
747 3204 856 3276 amicir,

109 3289 175 3363 Quo
188 3290 225 3347 sit
235 3304 332 3347 amore
344 3302 463 3364 parens,
482 3303 540 3365 apro
551 3286 639 3347 frater
649 3286 782 3347 amandus
795 3293 824 3344 et
834 3286 953 3358 hospes,

89 3392 100 3400 ·
166 3374 322 3421 nonarius.
482 3414 493 3421 ,
866 3365 896 3419 17
