2525 3942
107 192 256 268 maura-
332 205 337 211 ¹
518 193 664 257 ursuni.
741 151 743 170 '

367 362 370 370 “
469 348 568 432 orsu
586 381 705 435 xvn.
773 404 774 413 κ

317 453 365 506 ’“
420 491 467 542 nn
486 493 742 579 uumoanmunr.
759 512 767 521 >-

193 684 197 688 .
252 610 345 672 Velox
356 629 503 674 amoenum
514 632 603 693 saepe
617 615 788 677 Lucretilem

253 693 466 772 llutatlycaeo
475 692 588 759 Faunus
602 708 631 758 ot
643 701 755 779 igneam

301 775 437 838 Defendit
448 789 583 840 aestatem
594 783 714 860 capellis

339 860 437 940 Usque
448 865 518 922 meis
534 864 705 945 pluviosque
715 877 831 930 ventos.
927 884 933 899 ”

254 993 370 1074 Impune
381 1004 468 1056 tutum
480 1013 532 1075 per
542 1017 640 1059 nemus
652 1001 767 1062 arbutos

252 1078 395 1152 Quaerunt
405 1079 526 1141 latentes
537 1091 565 1141 et
573 1083 666 1159 thyma
678 1083 777 1146 deviae

302 1162 411 1223 Olentis
427 1181 534 1225 uxores
543 1169 645 1244 mariti,

355 1246 418 1307 Nec
431 1248 537 1310 virides
548 1259 674 1312 metuunt
689 1253 821 1315 colubras

250 1378 312 1439 Nec
324 1378 466 1442 Martiales
479 1382 625 1445 Haediliae
636 1385 733 1465 lupos,

248 1461 398 1542 Utcunque
410 1465 495 1542 dulci,
508 1466 640 1546 Tyndari,
657 1471 750 1532 fistula
777 1509 785 1532 s

297 1546 393 1607 Valles
406 1557 435 1608 et
448 1549 564 1610 Usticae
580 1552 709 1614 cubantis

353 1629 440 1692 Leria
451 1649 626 1710 personuere
639 1655 716 1697 saxa.

246 1761 284 1822 Di
299 1782 344 1823 me
358 1772 480 1842 tuentur,
493 1767 536 1826 dis
549 1769 641 1846 pietas
656 1789 718 1831 mea

248 1845 285 1905 Et
295 1845 375 1908 llusa
388 1849 466 1908 cordi
480 1860 538 1910 est:
560 1851 626 1912 hinc
638 1855 689 1923 tibi
704 1858 787 1933 copia

294 1929 421 1992 ‘Manebit
436 1932 471 1993 ad
482 1934 595 2012 plenum
610 1937 734 2016 benigno

359 2015 592 2080 Rurishonorum
603 2021 737 2098 opulenta
753 2040 850 2086 comu.

245 2138 298 2199 Hic
310 2141 339 2200 iu
348 2140 464 2202 ueduata
475 2135 548 2204 valle
561 2142 712 2208 Caniculae
787 2179 789 2187 a

246 2222 353 2284 Vitaltis
370 2235 476 2303 aestus,
493 2236 521 2288 et
534 2227 590 2288 lide
604 2228 674 2290 'leia
747 2242 749 2247 ‘

293 2293 382 2367 Dices
396 2308 555 2370 laborantes
570 2314 599 2372 in
614 2331 670 2373 uno

300 2444 303 2452 ,
346 2389 507 2471 Penelopen
517 2397 692 2476 vitreamque
705 2397 823 2470 (liroenc

244 2510 297 2578 llic
311 2517 470 2578 innocentis
482 2520 585 2597 pocula
595 2520 691 2582 lesbii

210 2637 219 2652 .
243 2595 340 2660 Duces
353 2602 405 2660 suls
417 2603 523 2684 umbra,
541 2622 596 2663 nec
611 2605 770 2666 Semeleius

215 2725 219 2734 ,
297 2683 367 2744 Cum
383 2683 473 2745 lllarte
485 2687 638 2748 conlaudet
648 2687 800 2763 Thyoneus

345 2767 466 2847 Proelia,
480 2789 534 2830 nec
545 2781 654 2832 metues
667 2782 828 2850 protervum
938 2779 943 2785 ’

243 2890 382 2970 Suspecta
396 2891 509 2972 Gymm,
529 2897 650 2958 nemale
668 2898 774 2978 dispari
916 2922 918 2925 ’

242 2972 681 3044 lncontiuentesiniiciatmanus
852 2994 856 2999 ’

292 3059 330 3120 Et
338 3063 452 3131 scindat
463 3063 624 3126 haerentem
638 3084 771 3128 coronam

261 3206 270 3210 ,
345 3142 841 3231 Crinibusimmcritamqueuestem.

492 3329 653 3338 ——u-——n-
684 3329 692 3336 ⁵

145 3345 299 3394 nonanus.
403 3348 406 3364 '
