<?xml version="1.0" encoding="UTF-8"?>
<!DOCTYPE html PUBLIC "-//W3C//DTD XHTML 1.0 Transitional//EN"
    "http://www.w3.org/TR/xhtml1/DTD/xhtml1-transitional.dtd">
<html xmlns="http://www.w3.org/1999/xhtml" xml:lang="en" lang="en">
 <head>
  <title>
</title>
<meta http-equiv="Content-Type" content="text/html;charset=utf-8" />
  <meta name='ocr-system' content='tesseract 3.04.00' />
  <meta name='ocr-capabilities' content='ocr_page ocr_carea ocr_par ocr_line ocrx_word'/>
</head>
<body>
  <div class='ocr_page' id='page_1' title='image "./qhoratiiflaccio02schmgoog_0139.png"; bbox 0 0 2525 3942; ppageno 0'>
   <div class='ocr_carea' id='block_1_1' title="bbox 62 242 629 315">
    <p class='ocr_par' dir='ltr' id='par_1_1' title="bbox 62 242 629 315">
     <span class='ocr_line' id='line_1_1' title="bbox 62 242 629 315; baseline -0.005 -9"><span class='ocrx_word' id='word_1_1' title='bbox 62 247 130 314; x_wconf 74' lang='lat' dir='ltr'>[orl.</span> <span class='ocrx_word' id='word_1_2' title='bbox 146 248 191 306; x_wconf 82' lang='lat'>16.</span> <span class='ocrx_word' id='word_1_3' title='bbox 204 247 257 315; x_wconf 80' lang='lat' dir='ltr'>ll.]</span> <span class='ocrx_word' id='word_1_4' title='bbox 450 242 561 305; x_wconf 79' lang='lat' dir='ltr'>LIBER</span> <span class='ocrx_word' id='word_1_5' title='bbox 577 242 629 305; x_wconf 92' lang='lat' dir='ltr'>Ill.</span> 
     </span>
    </p>
   </div>
   <div class='ocr_carea' id='block_1_2' title="bbox 164 394 878 732">
    <p class='ocr_par' dir='ltr' id='par_1_2' title="bbox 164 394 878 732">
     <span class='ocr_line' id='line_1_2' title="bbox 215 394 794 474; baseline 0.002 -20"><span class='ocrx_word' id='word_1_6' title='bbox 215 394 327 468; x_wconf 78' lang='lat' dir='ltr'>Quanto</span> <span class='ocrx_word' id='word_1_7' title='bbox 339 395 461 472; x_wconf 83' lang='lat' dir='ltr'>quisque</span> <span class='ocrx_word' id='word_1_8' title='bbox 473 396 528 454; x_wconf 86' lang='lat' dir='ltr'>silri</span> <span class='ocrx_word' id='word_1_9' title='bbox 539 395 620 473; x_wconf 84' lang='lat' dir='ltr'>plura</span> <span class='ocrx_word' id='word_1_10' title='bbox 637 398 794 474; x_wconf 76' lang='lat' dir='ltr'>negaverit,</span> 
     </span>
     <span class='ocr_line' id='line_1_3' title="bbox 164 476 766 558; baseline 0.003 -21"><span class='ocrx_word' id='word_1_11' title='bbox 164 510 166 515; x_wconf 94' lang='lat'><em>·</em></span> <span class='ocrx_word' id='word_1_12' title='bbox 212 479 257 538; x_wconf 80' lang='lat' dir='ltr'>Ab</span> <span class='ocrx_word' id='word_1_13' title='bbox 274 476 317 537; x_wconf 91' lang='lat' dir='ltr'>dis</span> <span class='ocrx_word' id='word_1_14' title='bbox 334 477 414 556; x_wconf 89' lang='lat' dir='ltr'>plura</span> <span class='ocrx_word' id='word_1_15' title='bbox 425 477 517 538; x_wconf 80' lang='lat' dir='ltr'>iere&#39;t:</span> <span class='ocrx_word' id='word_1_16' title='bbox 539 480 578 538; x_wconf 91' lang='lat' dir='ltr'>nil</span> <span class='ocrx_word' id='word_1_17' title='bbox 593 482 766 558; x_wconf 86' lang='lat' dir='ltr'>cupientium</span> 
     </span>
     <span class='ocr_line' id='line_1_4' title="bbox 263 560 878 640; baseline 0.002 -19"><span class='ocrx_word' id='word_1_18' title='bbox 263 560 363 621; x_wconf 91' lang='lat' dir='ltr'>Nudus</span> <span class='ocrx_word' id='word_1_19' title='bbox 380 570 471 621; x_wconf 85' lang='lat' dir='ltr'>eastra</span> <span class='ocrx_word' id='word_1_20' title='bbox 484 571 553 639; x_wconf 85' lang='lat' dir='ltr'>peto</span> <span class='ocrx_word' id='word_1_21' title='bbox 564 573 593 624; x_wconf 88' lang='lat' dir='ltr'>et</span> <span class='ocrx_word' id='word_1_22' title='bbox 603 563 749 640; x_wconf 81' lang='lat' dir='ltr'>transfuga</span> <span class='ocrx_word' id='word_1_23' title='bbox 763 563 878 622; x_wconf 83' lang='lat' dir='ltr'>divitum</span> 
     </span>
     <span class='ocr_line' id='line_1_5' title="bbox 320 639 783 732; baseline 0.011 -29"><span class='ocrx_word' id='word_1_24' title='bbox 320 639 419 704; x_wconf 84' lang='lat' dir='ltr'>Partes</span> <span class='ocrx_word' id='word_1_25' title='bbox 430 645 559 723; x_wconf 75' lang='lat' dir='ltr'>linquere</span> <span class='ocrx_word' id='word_1_26' title='bbox 575 649 683 724; x_wconf 82' lang='lat' dir='ltr'>gestio,</span> <span class='ocrx_word' id='word_1_27' title='bbox 775 723 783 732; x_wconf 20' lang='grc' dir='ltr'>ἱ</span> 
     </span>
    </p>
   </div>
   <div class='ocr_carea' id='block_1_3' title="bbox 215 759 1028 1099">
    <p class='ocr_par' dir='ltr' id='par_1_3' title="bbox 215 759 1028 1099">
     <span class='ocr_line' id='line_1_6' title="bbox 215 759 1028 848; baseline 0.002 -17"><span class='ocrx_word' id='word_1_28' title='bbox 215 768 382 831; x_wconf 80' lang='lat' dir='ltr'>contentae</span> <span class='ocrx_word' id='word_1_29' title='bbox 394 759 527 832; x_wconf 79' lang='lat' dir='ltr'>domiuus</span> <span class='ocrx_word' id='word_1_30' title='bbox 539 769 716 848; x_wconf 87' lang='lat' dir='ltr'>splendidior</span> <span class='ocrx_word' id='word_1_31' title='bbox 726 773 779 846; x_wconf 81' lang='lat' dir='ltr'>rei,</span> <span class='ocrx_word' id='word_1_32' title='bbox 989 771 1028 833; x_wconf 78' lang='lat'>25</span> 
     </span>
     <span class='ocr_line' id='line_1_7' title="bbox 215 852 928 932; baseline -0.003 -19"><span class='ocrx_word' id='word_1_33' title='bbox 215 852 309 926; x_wconf 79' lang='lat' dir='ltr'>Quam</span> <span class='ocrx_word' id='word_1_34' title='bbox 318 855 353 928; x_wconf 88' lang='lat' dir='ltr'>si,</span> <span class='ocrx_word' id='word_1_35' title='bbox 368 852 504 931; x_wconf 84' lang='lat' dir='ltr'>quidquid</span> <span class='ocrx_word' id='word_1_36' title='bbox 518 864 577 917; x_wconf 89' lang='lat' dir='ltr'>arat</span> <span class='ocrx_word' id='word_1_37' title='bbox 590 856 712 932; x_wconf 79' lang='lat' dir='ltr'>impiger</span> <span class='ocrx_word' id='word_1_38' title='bbox 725 853 867 932; x_wconf 53' lang='lat' dir='ltr'>Appulus</span> <span class='ocrx_word' id='word_1_39' title='bbox 923 884 928 894; x_wconf 91' lang='lat'><strong>·</strong></span> 
     </span>
     <span class='ocr_line' id='line_1_8' title="bbox 264 936 764 1016; baseline 0 -19"><span class='ocrx_word' id='word_1_40' title='bbox 264 936 416 997; x_wconf 85' lang='lat' dir='ltr'>Ooeultare</span> <span class='ocrx_word' id='word_1_41' title='bbox 435 939 507 996; x_wconf 87' lang='lat' dir='ltr'>meis</span> <span class='ocrx_word' id='word_1_42' title='bbox 519 936 631 997; x_wconf 88' lang='lat' dir='ltr'>dioerer</span> <span class='ocrx_word' id='word_1_43' title='bbox 641 939 764 1016; x_wconf 79' lang='lat' dir='ltr'>horreis,</span> 
     </span>
     <span class='ocr_line' id='line_1_9' title="bbox 317 1019 706 1099; baseline 0 -19"><span class='ocrx_word' id='word_1_44' title='bbox 317 1019 434 1098; x_wconf 72' lang='lat' dir='ltr'>Magnas</span> <span class='ocrx_word' id='word_1_45' title='bbox 445 1022 518 1081; x_wconf 90' lang='lat' dir='ltr'>inter</span> <span class='ocrx_word' id='word_1_46' title='bbox 529 1037 601 1099; x_wconf 88' lang='lat' dir='ltr'>opes</span> <span class='ocrx_word' id='word_1_47' title='bbox 611 1021 706 1098; x_wconf 88' lang='lat' dir='ltr'>inops.</span> 
     </span>
    </p>
   </div>
   <div class='ocr_carea' id='block_1_4' title="bbox 214 1145 1027 1459">
    <p class='ocr_par' dir='ltr' id='par_1_4' title="bbox 214 1145 1027 1459">
     <span class='ocr_line' id='line_1_10' title="bbox 214 1145 774 1225; baseline 0.002 -20"><span class='ocrx_word' id='word_1_48' title='bbox 214 1145 304 1209; x_wconf 89' lang='lat' dir='ltr'>Purae</span> <span class='ocrx_word' id='word_1_49' title='bbox 313 1147 392 1206; x_wconf 85' lang='lat' dir='ltr'>rivus</span> <span class='ocrx_word' id='word_1_50' title='bbox 402 1164 494 1224; x_wconf 88' lang='lat' dir='ltr'>aquae</span> <span class='ocrx_word' id='word_1_51' title='bbox 505 1146 633 1224; x_wconf 81' lang='lat' dir='ltr'>silvaque</span> <span class='ocrx_word' id='word_1_52' title='bbox 644 1148 774 1225; x_wconf 74' lang='lat' dir='ltr'>iugerum</span> 
     </span>
     <span class='ocr_line' id='line_1_11' title="bbox 214 1229 1027 1308; baseline 0.005 -19"><span class='ocrx_word' id='word_1_53' title='bbox 214 1229 369 1290; x_wconf 76' lang='lat' dir='ltr'>Paucorum</span> <span class='ocrx_word' id='word_1_54' title='bbox 382 1238 411 1290; x_wconf 91' lang='lat' dir='ltr'>et</span> <span class='ocrx_word' id='word_1_55' title='bbox 421 1233 530 1308; x_wconf 80' lang='lat' dir='ltr'>segetis</span> <span class='ocrx_word' id='word_1_56' title='bbox 542 1239 620 1290; x_wconf 81' lang='lat' dir='ltr'>certa</span> <span class='ocrx_word' id='word_1_57' title='bbox 631 1229 701 1290; x_wconf 86' lang='lat' dir='ltr'>fides</span> <span class='ocrx_word' id='word_1_58' title='bbox 712 1248 793 1290; x_wconf 86' lang='lat' dir='ltr'>meae</span> <span class='ocrx_word' id='word_1_59' title='bbox 985 1232 1027 1293; x_wconf 85' lang='lat'>30</span> 
     </span>
     <span class='ocr_line' id='line_1_12' title="bbox 262 1311 801 1391; baseline 0 -17"><span class='ocrx_word' id='word_1_60' title='bbox 262 1311 430 1391; x_wconf 76' lang='lat' dir='ltr'>Fulgentem</span> <span class='ocrx_word' id='word_1_61' title='bbox 443 1316 563 1391; x_wconf 91' lang='lat' dir='ltr'>imperio</span> <span class='ocrx_word' id='word_1_62' title='bbox 574 1313 676 1374; x_wconf 88' lang='lat' dir='ltr'>iertilis</span> <span class='ocrx_word' id='word_1_63' title='bbox 686 1313 801 1374; x_wconf 84' lang='lat' dir='ltr'>Airioao</span> 
     </span>
     <span class='ocr_line' id='line_1_13' title="bbox 317 1396 622 1459; baseline 0.01 -3"><span class='ocrx_word' id='word_1_64' title='bbox 317 1396 401 1458; x_wconf 79' lang='lat' dir='ltr'>Fallit</span> <span class='ocrx_word' id='word_1_65' title='bbox 410 1407 488 1458; x_wconf 84' lang='lat' dir='ltr'>sorte</span> <span class='ocrx_word' id='word_1_66' title='bbox 504 1397 622 1459; x_wconf 87' lang='lat' dir='ltr'>beatior.</span> 
     </span>
    </p>
   </div>
   <div class='ocr_carea' id='block_1_5' title="bbox 112 1519 1071 1850">
    <p class='ocr_par' dir='ltr' id='par_1_5' title="bbox 112 1519 1071 1850">
     <span class='ocr_line' id='line_1_14' title="bbox 112 1519 889 1600; baseline 0 -20"><span class='ocrx_word' id='word_1_67' title='bbox 112 1552 115 1569; x_wconf 88' lang='lat'>·</span> <span class='ocrx_word' id='word_1_68' title='bbox 214 1519 379 1600; x_wconf 78' lang='lat' dir='ltr'><strong>Quanquam</strong></span> <span class='ocrx_word' id='word_1_69' title='bbox 393 1540 448 1581; x_wconf 90' lang='lat' dir='ltr'>neo</span> <span class='ocrx_word' id='word_1_70' title='bbox 465 1519 601 1582; x_wconf 79' lang='lat' dir='ltr'>Calabrae</span> <span class='ocrx_word' id='word_1_71' title='bbox 612 1520 696 1580; x_wconf 88' lang='lat' dir='ltr'>mella</span> <span class='ocrx_word' id='word_1_72' title='bbox 707 1520 799 1580; x_wconf 86' lang='lat' dir='ltr'>ierunt</span> <span class='ocrx_word' id='word_1_73' title='bbox 808 1539 889 1599; x_wconf 90' lang='lat' dir='ltr'>apes,</span> 
     </span>
     <span class='ocr_line' id='line_1_15' title="bbox 213 1599 818 1682; baseline 0 -18"><span class='ocrx_word' id='word_1_74' title='bbox 213 1604 276 1664; x_wconf 86' lang='lat' dir='ltr'>Neo</span> <span class='ocrx_word' id='word_1_75' title='bbox 287 1604 490 1682; x_wconf 76' lang='lat' dir='ltr'>laestrygonia</span> <span class='ocrx_word' id='word_1_76' title='bbox 501 1599 630 1665; x_wconf 76' lang='lat' dir='ltr'>Bacchus</span> <span class='ocrx_word' id='word_1_77' title='bbox 643 1607 671 1664; x_wconf 91' lang='lat' dir='ltr'>in</span> <span class='ocrx_word' id='word_1_78' title='bbox 685 1605 818 1681; x_wconf 84' lang='lat' dir='ltr'>amphora</span> 
     </span>
     <span class='ocr_line' id='line_1_16' title="bbox 135 1686 1024 1769; baseline 0.007 -23"><span class='ocrx_word' id='word_1_79' title='bbox 135 1762 139 1766; x_wconf 9' lang='grc' dir='ltr'>ἡ</span> <span class='ocrx_word' id='word_1_80' title='bbox 254 1686 434 1769; x_wconf 27' lang='lat' dir='ltr'>,languescit</span> <span class='ocrx_word' id='word_1_81' title='bbox 444 1690 521 1763; x_wconf 83' lang='lat' dir='ltr'>mihi,</span> <span class='ocrx_word' id='word_1_82' title='bbox 536 1704 590 1746; x_wconf 89' lang='lat' dir='ltr'>neo</span> <span class='ocrx_word' id='word_1_83' title='bbox 602 1688 717 1765; x_wconf 84' lang='lat' dir='ltr'>pinguia</span> <span class='ocrx_word' id='word_1_84' title='bbox 734 1686 848 1748; x_wconf 78' lang='lat' dir='ltr'>Gallicis</span> <span class='ocrx_word' id='word_1_85' title='bbox 985 1689 1024 1757; x_wconf 80' lang='lat'>35</span> 
     </span>
     <span class='ocr_line' id='line_1_17' title="bbox 318 1769 1071 1850; baseline -0.004 -18"><span class='ocrx_word' id='word_1_86' title='bbox 318 1770 712 1850; x_wconf 74' lang='lat' dir='ltr'>Crescuntvellerap&#39;asouis3</span> <span class='ocrx_word' id='word_1_87' title='bbox 1067 1769 1071 1776; x_wconf 83' lang='lat'>&#39;</span> 
     </span>
    </p>
   </div>
   <div class='ocr_carea' id='block_1_6' title="bbox 137 1894 1135 2353">
    <p class='ocr_par' dir='ltr' id='par_1_6' title="bbox 137 1894 1135 2353">
     <span class='ocr_line' id='line_1_18' title="bbox 212 1894 743 1975; baseline 0 -21"><span class='ocrx_word' id='word_1_88' title='bbox 212 1895 374 1973; x_wconf 88' lang='lat' dir='ltr'>Importuua</span> <span class='ocrx_word' id='word_1_89' title='bbox 387 1905 478 1960; x_wconf 83' lang='lat' dir='ltr'>tamen</span> <span class='ocrx_word' id='word_1_90' title='bbox 489 1896 641 1975; x_wconf 88' lang='lat' dir='ltr'>pauperies</span> <span class='ocrx_word' id='word_1_91' title='bbox 652 1894 743 1971; x_wconf 86' lang='lat' dir='ltr'>abest,</span> 
     </span>
     <span class='ocr_line' id='line_1_19' title="bbox 137 1976 809 2058; baseline 0 -20"><span class='ocrx_word' id='word_1_92' title='bbox 137 1976 141 1979; x_wconf 78' lang='grc'><strong>’</strong></span> <span class='ocrx_word' id='word_1_93' title='bbox 182 2054 184 2057; x_wconf 16' lang='lat'>¹</span> <span class='ocrx_word' id='word_1_94' title='bbox 214 1977 286 2056; x_wconf 85' lang='lat' dir='ltr'>Neo,</span> <span class='ocrx_word' id='word_1_95' title='bbox 303 1982 328 2040; x_wconf 89' lang='lat' dir='ltr'>si</span> <span class='ocrx_word' id='word_1_96' title='bbox 341 1979 420 2058; x_wconf 86' lang='lat' dir='ltr'>plura</span> <span class='ocrx_word' id='word_1_97' title='bbox 433 1979 529 2056; x_wconf 78' lang='lat' dir='ltr'>velim,</span> <span class='ocrx_word' id='word_1_98' title='bbox 542 1988 573 2039; x_wconf 89' lang='lat' dir='ltr'>tu</span> <span class='ocrx_word' id='word_1_99' title='bbox 590 1979 657 2040; x_wconf 85' lang='lat' dir='ltr'>dare</span> <span class='ocrx_word' id='word_1_100' title='bbox 673 1977 809 2057; x_wconf 79' lang='lat' dir='ltr'>deneges.</span> 
     </span>
     <span class='ocr_line' id='line_1_20' title="bbox 265 2060 776 2142; baseline -0.002 -19"><span class='ocrx_word' id='word_1_101' title='bbox 265 2060 416 2129; x_wconf 72' lang='lat' dir='ltr'>contracto</span> <span class='ocrx_word' id='word_1_102' title='bbox 428 2063 528 2124; x_wconf 90' lang='lat' dir='ltr'>melius</span> <span class='ocrx_word' id='word_1_103' title='bbox 542 2081 628 2142; x_wconf 87' lang='lat' dir='ltr'>parva</span> <span class='ocrx_word' id='word_1_104' title='bbox 645 2064 776 2139; x_wconf 86' lang='lat' dir='ltr'>cupidine</span> 
     </span>
     <span class='ocr_line' id='line_1_21' title="bbox 316 2146 1098 2236; baseline 0.012 -30"><span class='ocrx_word' id='word_1_105' title='bbox 316 2146 474 2226; x_wconf 77' lang='lat' dir='ltr'>Vectigalia</span> <span class='ocrx_word' id='word_1_106' title='bbox 488 2150 640 2226; x_wconf 83' lang='lat' dir='ltr'>porrigam,</span> <span class='ocrx_word' id='word_1_107' title='bbox 724 2157 726 2171; x_wconf 73' lang='lat'>¹</span> <span class='ocrx_word' id='word_1_108' title='bbox 968 2149 1026 2222; x_wconf 75' lang='lat'>‚40</span> <span class='ocrx_word' id='word_1_109' title='bbox 1089 2225 1098 2236; x_wconf 65' lang='lat'><strong>„</strong></span> 
     </span>
     <span class='ocr_line' id='line_1_22' title="bbox 215 2243 1135 2353; baseline 0.003 -22"><span class='ocrx_word' id='word_1_110' title='bbox 215 2271 304 2344; x_wconf 82' lang='lat' dir='ltr'>Quam</span> <span class='ocrx_word' id='word_1_111' title='bbox 315 2275 339 2333; x_wconf 89' lang='lat' dir='ltr'>si</span> <span class='ocrx_word' id='word_1_112' title='bbox 351 2273 512 2352; x_wconf 71' lang='lat' dir='ltr'>Mygdoniis</span> <span class='ocrx_word' id='word_1_113' title='bbox 529 2295 648 2353; x_wconf 79' lang='lat' dir='ltr'>regnum</span> <span class='ocrx_word' id='word_1_114' title='bbox 659 2243 781 2351; x_wconf 79' lang='lat' dir='ltr'>rllyattei</span> <span class='ocrx_word' id='word_1_115' title='bbox 962 2260 966 2268; x_wconf 59' lang='grc'>’</span> <span class='ocrx_word' id='word_1_116' title='bbox 1008 2303 1013 2314; x_wconf 64' lang='grc'><em>’</em></span> <span class='ocrx_word' id='word_1_117' title='bbox 1132 2277 1135 2300; x_wconf 80' lang='lat'><strong>¹</strong></span> 
     </span>
    </p>
   </div>
   <div class='ocr_carea' id='block_1_7' title="bbox 217 2353 923 2518">
    <p class='ocr_par' dir='ltr' id='par_1_7' title="bbox 217 2353 923 2518">
     <span class='ocr_line' id='line_1_23' title="bbox 217 2353 808 2437; baseline 0.007 -23"><span class='ocrx_word' id='word_1_118' title='bbox 217 2353 328 2434; x_wconf 85' lang='lat' dir='ltr'>Gampis</span> <span class='ocrx_word' id='word_1_119' title='bbox 342 2360 509 2418; x_wconf 85' lang='lat' dir='ltr'>continuem.</span> <span class='ocrx_word' id='word_1_120' title='bbox 541 2359 629 2419; x_wconf 83' lang='lat' dir='ltr'>lllulta</span> <span class='ocrx_word' id='word_1_121' title='bbox 647 2361 808 2437; x_wconf 86' lang='lat' dir='ltr'>petentibus</span> 
     </span>
     <span class='ocr_line' id='line_1_24' title="bbox 262 2439 923 2518; baseline 0.005 -18"><span class='ocrx_word' id='word_1_122' title='bbox 262 2439 372 2501; x_wconf 77' lang='lat' dir='ltr'>Desunt</span> <span class='ocrx_word' id='word_1_123' title='bbox 385 2441 484 2504; x_wconf 90' lang='lat' dir='ltr'>multa:</span> <span class='ocrx_word' id='word_1_124' title='bbox 505 2444 580 2503; x_wconf 88' lang='lat' dir='ltr'>bene</span> <span class='ocrx_word' id='word_1_125' title='bbox 592 2451 647 2518; x_wconf 86' lang='lat' dir='ltr'>est,</span> <span class='ocrx_word' id='word_1_126' title='bbox 667 2443 713 2502; x_wconf 90' lang='lat' dir='ltr'>oui</span> <span class='ocrx_word' id='word_1_127' title='bbox 728 2441 797 2502; x_wconf 88' lang='lat' dir='ltr'>dous</span> <span class='ocrx_word' id='word_1_128' title='bbox 811 2443 923 2503; x_wconf 88' lang='lat' dir='ltr'>obtulit·</span> 
     </span>
    </p>
   </div>
   <div class='ocr_carea' id='block_1_8' title="bbox 285 2523 757 2616">
    <p class='ocr_par' dir='ltr' id='par_1_8' title="bbox 285 2523 757 2616">
     <span class='ocr_line' id='line_1_25' title="bbox 285 2523 757 2616; baseline 0 -31"><span class='ocrx_word' id='word_1_129' title='bbox 285 2611 287 2616; x_wconf 88' lang='lat'><em>.</em></span> <span class='ocrx_word' id='word_1_130' title='bbox 317 2523 414 2604; x_wconf 85' lang='lat' dir='ltr'>Paroa,</span> <span class='ocrx_word' id='word_1_131' title='bbox 428 2526 504 2606; x_wconf 88' lang='lat' dir='ltr'>quod</span> <span class='ocrx_word' id='word_1_132' title='bbox 519 2529 587 2586; x_wconf 88' lang='lat' dir='ltr'>satis</span> <span class='ocrx_word' id='word_1_133' title='bbox 599 2536 653 2604; x_wconf 86' lang='lat' dir='ltr'>est,</span> <span class='ocrx_word' id='word_1_134' title='bbox 666 2543 757 2585; x_wconf 90' lang='lat' dir='ltr'>manu.</span> 
     </span>
    </p>
   </div>
   <div class='ocr_carea' id='block_1_9' title="bbox 471 2740 619 2750">
    <p class='ocr_par' dir='ltr' id='par_1_9' title="bbox 471 2740 619 2750">
     <span class='ocr_line' id='line_1_26' title="bbox 471 2740 619 2750; baseline 0.02 -3"><span class='ocrx_word' id='word_1_135' title='bbox 471 2740 619 2750; x_wconf 42' lang='grc' dir='ltr'>.-α-..Ψ-</span> 
     </span>
    </p>
   </div>
   <div class='ocr_carea' id='block_1_10' title="bbox 347 2864 848 3050">
    <p class='ocr_par' dir='ltr' id='par_1_10' title="bbox 347 2864 848 3050">
     <span class='ocr_line' id='line_1_27' title="bbox 432 2864 663 2920; baseline -0.009 -1"><span class='ocrx_word' id='word_1_136' title='bbox 432 2864 532 2919; x_wconf 78' lang='lat' dir='ltr'>olom</span> <span class='ocrx_word' id='word_1_137' title='bbox 546 2864 663 2920; x_wconf 84' lang='lat' dir='ltr'><strong>xvu.</strong></span> 
     </span>
     <span class='ocr_line' id='line_1_28' title="bbox 347 2972 848 3050; baseline 0 -24"><span class='ocrx_word' id='word_1_138' title='bbox 347 2972 395 3026; x_wconf 80' lang='lat' dir='ltr'>ao</span> <span class='ocrx_word' id='word_1_139' title='bbox 423 2972 564 3050; x_wconf 64' lang='lat' dir='ltr'>anunm</span> <span class='ocrx_word' id='word_1_140' title='bbox 592 2973 746 3028; x_wconf 77' lang='lat' dir='ltr'>annnam</span> <span class='ocrx_word' id='word_1_141' title='bbox 846 3008 848 3016; x_wconf 58' lang='grc'>,</span> 
     </span>
    </p>
   </div>
   <div class='ocr_carea' id='block_1_11' title="bbox 179 3081 830 3415">
    <p class='ocr_par' dir='ltr' id='par_1_11' title="bbox 179 3081 830 3415">
     <span class='ocr_line' id='line_1_29' title="bbox 216 3081 712 3162; baseline 0.008 -21"><span class='ocrx_word' id='word_1_142' title='bbox 216 3081 279 3143; x_wconf 79' lang='lat' dir='ltr'>Aeli</span> <span class='ocrx_word' id='word_1_143' title='bbox 289 3082 522 3144; x_wconf 73' lang='lat' dir='ltr'>vetusto&#39;nobilis</span> <span class='ocrx_word' id='word_1_144' title='bbox 536 3086 571 3144; x_wconf 89' lang='lat' dir='ltr'>ab</span> <span class='ocrx_word' id='word_1_145' title='bbox 588 3083 684 3162; x_wconf 80' lang='lat' dir='ltr'>Lamo,</span> <span class='ocrx_word' id='word_1_146' title='bbox 701 3118 712 3132; x_wconf 92' lang='lat'><em>·</em></span> 
     </span>
     <span class='ocr_line' id='line_1_30' title="bbox 215 3165 805 3246; baseline 0.007 -20"><span class='ocrx_word' id='word_1_147' title='bbox 215 3165 333 3240; x_wconf 81' lang='lat' dir='ltr'>Quando</span> <span class='ocrx_word' id='word_1_148' title='bbox 345 3178 374 3229; x_wconf 89' lang='lat' dir='ltr'>et</span> <span class='ocrx_word' id='word_1_149' title='bbox 386 3171 497 3246; x_wconf 88' lang='lat' dir='ltr'>priores</span> <span class='ocrx_word' id='word_1_150' title='bbox 510 3170 576 3229; x_wconf 87' lang='lat' dir='ltr'>hino</span> <span class='ocrx_word' id='word_1_151' title='bbox 588 3167 696 3230; x_wconf 67' lang='lat' dir='ltr'>hunus</span> <span class='ocrx_word' id='word_1_152' title='bbox 712 3171 805 3232; x_wconf 88' lang='lat' dir='ltr'>lerunt</span> 
     </span>
     <span class='ocr_line' id='line_1_31' title="bbox 179 3250 768 3331; baseline 0.019 -22"><span class='ocrx_word' id='word_1_153' title='bbox 179 3314 182 3319; x_wconf 21' lang='lat' dir='ltr'><strong>f</strong></span> <span class='ocrx_word' id='word_1_154' title='bbox 262 3250 464 3312; x_wconf 87' lang='lat' dir='ltr'>Denominatos</span> <span class='ocrx_word' id='word_1_155' title='bbox 476 3261 505 3312; x_wconf 90' lang='lat' dir='ltr'>et</span> <span class='ocrx_word' id='word_1_156' title='bbox 519 3261 653 3331; x_wconf 85' lang='lat' dir='ltr'>nepotum</span> <span class='ocrx_word' id='word_1_157' title='bbox 765 3314 768 3320; x_wconf 91' lang='lat'><em>.</em></span> 
     </span>
     <span class='ocr_line' id='line_1_32' title="bbox 306 3333 830 3415; baseline 0.01 -22"><span class='ocrx_word' id='word_1_158' title='bbox 306 3333 370 3394; x_wconf 67' lang='lat' dir='ltr'>l’er</span> <span class='ocrx_word' id='word_1_159' title='bbox 380 3350 519 3397; x_wconf 86' lang='lat' dir='ltr'>memores</span> <span class='ocrx_word' id='word_1_160' title='bbox 529 3353 620 3415; x_wconf 78' lang='lat' dir='ltr'>genus</span> <span class='ocrx_word' id='word_1_161' title='bbox 634 3355 716 3400; x_wconf 90' lang='lat' dir='ltr'>omne</span> <span class='ocrx_word' id='word_1_162' title='bbox 726 3335 830 3408; x_wconf 73' lang='lat' dir='ltr'>iastosr</span> 
     </span>
    </p>
   </div>
   <div class='ocr_carea' id='block_1_12' title="bbox 0 0 1268 3942">
    <p class='ocr_par' dir='ltr' id='par_1_12' title="bbox 0 0 1268 3942">
     <span class='ocr_line' id='line_1_33' title="bbox 0 0 1268 3942; baseline 0 0"><span class='ocrx_word' id='word_1_163' title='bbox 0 0 1268 3942; x_wconf 95' lang='lat' dir='ltr'> </span> 
     </span>
    </p>
   </div>
  </div>
 </body>
</html>
