2525 3942
418 156 473 232 'or
495 161 642 220 norrun
664 170 801 220 naraon.
1009 246 1017 256 q
1071 171 1119 220 nv

126 323 241 406 Epodaa
256 343 312 388 non
328 330 462 400 seorsim,
485 331 537 386 sed
553 331 712 403 promiscae
730 331 924 404 composuisse
939 331 1013 388 intra
1031 345 1120 388 araas
1144 330 1149 336 ’

127 433 155 472 ιι.
168 433 193 473 c.
209 419 366 484 713·“-715,
378 421 407 470 ct
417 413 531 485 Epodos
544 415 654 485 quidem
665 415 833 472 coniunctim
843 415 970 472 edidisse
980 432 1006 473 a.
1019 431 1046 470 ιι.
1056 419 1120 486 tut,

43 497 47 506 “
115 499 281 558 ¹Satirarum
292 513 363 555 roro
380 498 480 554 librum
497 498 620 569 priorem
631 515 657 554 a.
669 512 697 553 aa
708 503 777 569 710,
794 500 910 556 alterurn
922 517 947 556 a.
958 505 1026 565 tto:
1044 498 1120 555 Ocla·
1183 485 1188 501 ¹

127 598 190 640 mm
212 583 295 640 tetros
311 589 368 638 tres
378 583 504 660 priores,
525 581 598 638 intra
616 597 705 639 annos
719 587 868 643 lta-730
883 585 1023 655 scriptos,
1044 599 1070 640 a.
1089 599 1117 638 ιι.

126 671 177 729 731
193 665 360 724 coniunctim
377 664 483 738 publici
501 665 571 721 iuris
582 666 704 737 iecisse,
726 667 915 738 Epu'atolaram
930 666 1029 722 boram
1038 669 1119 739 pria-

66 771 71 778 *
115 757 186 807 'rem
196 751 271 807 intra
283 768 307 806 a.
321 751 348 804 d.
359 753 506 809 tua-tat
516 749 650 822 scriptun
661 767 686 806 ιι.
698 754 751 812 735
762 751 841 808 loras
852 751 982 815 dedisac3
1001 752 1120 809 Comen

126 835 271 892 saeculare
279 851 303 890 a.
311 849 337 888 u.
346 837 397 894 737
406 839 547 898 cantasse:
561 833 684 890 Odor-am
695 833 795 890 ἱῶνιιηι
803 840 932 907 quartam
938 835 1019 891 libris
1029 834 1120 890 tribus

126 919 271 993 prioribus
287 918 365 974 iussu
376 917 496 988 Augusti
510 933 547 974 cx
559 917 649 989 longo
661 913 812 976 intervallo
828 933 853 974 a.
867 936 892 976 a.
903 934 932 974 ιι.
944 923 995 979 711
1011 919 1058 973 vel
1067 922 1120 978 tan

84 1031 90 1046 ·
128 1003 286 1076 addidisse:
307 999 494 1074 Epistularum
505 1001 625 1073 deniqne
635 1002 736 1058 libram
746 1005 863 1058 alterum
875 1017 937 1058 cnm
945 1001 1073 1074 Epistola
1085 1001 1120 1058 ad

42 1141 46 1153 ,
125 1087 244 1144 Pisone
256 1087 328 1143 intra
339 1084 718 1160 annos'lll-'lltsdriptam
729 1091 850 1146 mullo
859 1085 906 1143 vel
916 1091 970 1146 716
979 1086 1118 1142 maleae.

197 1189 200 1197 ·
212 1169 443 1236 Quemadmodum
455 1169 569 1226 iloratii'
581 1169 672 1227 adhoc
687 1170 809 1227 virentis
830 1169 953 1226 carmina
968 1169 1043 1226 adita
1058 1164 1119 1224 ‘in-

128 1255 227 1326 genuis
243 1253 334 1310 oculis
346 1253 510 1324 legebantur
525 1253 707 1326 inanibusque
718 1246 901 1311 tenebantnr'
922 1249 1027 1328 (Epist.
1040 1253 1119 1322 1,19,

8 1399 12 1409 ι
128 1345 160 1398 tl
172 1333 267 1410 sca),
279 1337 335 1407 ita,
347 1343 478 1408 superata
490 1336 646 1409 aequalium
660 1339 782 1408 invidia,
800 1343 924 1394 mortuus
936 1337 1011 1409 apud
1017 1342 1120 1408 postea
1162 1398 1166 1417 Ι

128 1438 175 1479 ras
185 1421 268 1478 laude
280 1422 434 1478 crescebat.
477 1420 538 1478 lion
551 1422 623 1477 enim
639 1422 728 1479 solnm
740 1423 774 1479 ab
786 1421 930 1491 omnibus,
952 1420 1000 1492 qni
1016 1419 1119 1476 eruditi

65 1537 70 1542 -
117 1511 156 1561 ¹et
171 1505 315 1576 elegantes
330 1506 440 1562 censeri
456 1506 604 1575 volebant,
630 1507 776 1577 legebatur
784 1511 800 1576 ,'
816 1506 868 1563 aed
885 1506 984 1574 ctiam,
1005 1503 1119 1559 macuto

128 1591 233 1659 adbuc,
249 1590 413 1658 ntvidetur,
431 1588 576 1660 Augusto,
595 1605 682 1646 annos
696 1591 756 1646 lere
772 1597 831 1646 tres
848 1593 877 1645 ct
891 1588 992 1661 viginti
1009 1586 1118 1644 lloratii

128 1673 294 1746 superstite,
315 1674 345 1729 in
356 1673 731 1747 Grammaticorumscbolia,
747 1674 778 1730 id
789 1674 864 1745 qnod
878 1671 1034 1746 ipse'podta
1045 1671 1119 1728 vati-

127 1759 234 1813 cinatus
247 1761 308 1813 erat
318 1755 406 1830 Epist.
419 1758 448 1827 l,
458 1762 508 1828 to,
522 1761 554 1816 17
568 1771 664 1828 sequ,
682 1758 861 1814 tractabatur.
895 1756 963 1814 Nam
973 1773 1035 1812 cum
1047 1755 1119 1812 Sne·

127 1841 220 1897 tonius
238 1842 273 1897 de
289 1842 390 1897 illustr.
404 1857 517 1912 mamm.
531 1857 555 1896 c.
568 1847 602 1900 16
619 1840 733 1909 scribit:
756 1836 808 1907 ‘0.
821 1839 962 1898 Caecilius
972 1838 1118 1912 Epirota',

128 1925 173 1996 qui
185 1927 377 1998 postmortem
389 1924 512 1981 Cornelii
525 1924 596 1981 Galli
609 1923 734 1981 sobolem
748 1924 868 1997 aperuit,
881 1924 1003 1981 ‘dicitnr
1013 1923 1118 1996 primus
1166 1915 1170 1924 “

106 2009 274 2080 ,Virgilium
292 2015 320 2064 et
330 2009 401 2065 alios
423 2014 521 2081 pottar
531 2023 614 2086 apooa
630 2009 799 2081 praelegere
810 2006 976 2081 coepiaae’,
992 2008 1022 2064 in
1033 2009 1118 2073 nanu,

128 2095 173 2164 qni
185 2099 362 2166 opponuntur
372 2093 531 2162 veteribus,
542 2093 621 2150 Liuio
632 2093 807 2163 Andronico,
822 2090 923 2162 Ennio,
938 2092 1014 2160 aliia,
1028 2090 1118 2148 luisse

127 2175 269 2234 lloratinm
280 2176 417 2233 dubitabit
434 2192 531 2246 nemo,
544 2177 599 2249 oni
616 2177 704 2248 sciat,
725 2179 800 2234 bunc
816 2177 879 2233 iere
889 2175 993 2248 ubique
1003 2176 1044 2236 ita
1057 2191 1120 2230 cnm

125 2259 248 2332 Virgilio
256 2253 396 2331 ,componi
408 2260 472 2317 Vid.
482 2259 595 2327 Quintil.
603 2262 692 2336 instit.
703 2277 744 2323 nr.
753 2262 842 2332 l,8,b.
851 2259 1117 2330 diuturnitati:

210 2340 379 2402 ‘Dummodo
394 2359 451 2400 non
461 2333 559 2418 pereat
571 2346 686 2403 totidem
698 2345 835 2402 olfecisse
847 2344 977 2402 lucernae

210 2427 284 2495 Quot
294 2428 404 2484 stabant
413 2429 511 2499 pueri,
523 2445 604 2502 quum
616 2435 691 2486 totns
704 2429 822 2486 decolor
837 2434 915 2484 esset

167 2541 171 2548 ·
209 2513 343 2582 Flaccus,
359 2518 389 2566 et
397 2513 528 2569 haereret
539 2513 621 2582 nigro
633 2513 724 2584 loligo
734 2512 849 2568 Maroni
854 2512 877 2570 ³.
909 2538 911 2543 ·

126 2595 231 2664 Annon.
244 2595 336 2666 lldyll.
348 2601 367 2654 4
383 2595 418 2652 ad
429 2602 558 2668 nepotem
569 2597 722 2652 Ausonium
733 2595 769 2652 de
779 2595 874 2651 studio
889 2595 1001 2667 puerili,
1011 2611 1054 2651 ta.
1068 2601 1117 2654 56:

209 2676 266 2736 ‘Te
278 2685 447 2752 praeeunte,
460 2694 548 2752 nepos
559 2720 567 2748 ‚
580 2679 720 2735 modulata
735 2684 862 2751 poemata
874 2679 987 2745 Flacci,

209 2765 422 2836 Altisonnmqua
432 2763 532 2819 iterum
545 2763 588 2819 ias
601 2769 645 2818 cst
655 2761 791 2818 didicisse
801 2760 977 2818 Maroaerrr’.

124 2847 208 2906 immo
221 2863 276 2904 non
289 2848 378 2905 solnm
390 2847 578 2918 grammatici,
598 2847 649 2902 scd
661 2846 744 2902 etiarn
754 2847 885 2902 rbclorca
896 2845 1117 2931 interpretaban-

124 2939 170 2990 tur
180 2937 326 3003 utrumqne
344 2937 476 3004 poetam,
490 2935 521 2986 at
539 2931 636 3002 colligi
653 2937 749 3004 potest
766 2930 883 2987 claciti
898 2931 935 2988 de
952 2938 1035 2989 oratt.
1052 2949 1112 3005 cap.

123 3021 167 3075 70.
213 3015 279 3072 cunr
298 3021 387 3071 antem
406 3015 441 3073 ad
456 3014 564 3072 Horatii
586 3015 753 3087 carminum,
778 3015 897 3072 maxim
917 3015 1071 3074 Satirarum
1088 3022 1117 3072 et

122 3099 311 3173 Epistolarnrn
326 3098 499 3155 intellectum
513 3105 567 3156 tarn
583 3100 728 3156 multarum
740 3115 832 3156 reram
846 3099 973 3170 cognitio
989 3099 1117 3171 requira-

122 3189 178 3253 tar,
189 3192 220 3239 nt
230 3183 292 3256 ipsa
304 3183 357 3239 iam
363 3183 506 3254 Augustas
518 3189 609 3240 aetate
619 3185 721 3241 mullos
731 3184 811 3240 locos
822 3182 991 3240 enodatione
1002 3183 1117 3254 egnisse

124 3271 268 3340 oporteat:
292 3266 375 3323 laoilo
386 3267 480 3323 estad
495 3266 723 3346 intelligendum,
739 3273 846 3324 matura
862 3267 1008 3322 caadursa
1024 3280 1116 3334 gram

123 3353 258 3421 mationa,
270 3351 316 3422 qui
329 3350 449 3406 carmina
461 3352 670 3409 commentando
680 3351 784 3406 ceteris
796 3357 861 3406 nota
872 3349 1007 3405 lacerent.
1034 3347 1115 3403 Tales

122 3434 293 3509 interpretes
306 3451 329 3490 s.
342 3432 510 3490 scholiastae
523 3434 629 3510 Horatii
642 3436 671 3490 in
683 3433 812 3504 antiquia'
821 3437 922 3503 poetae
933 3431 999 3487 ritis
1010 3445 1112 3486 memo-
