2525 3942
211 211 255 274 oo
312 201 316 204 ’
605 206 805 270 crumilum
997 211 1170 289 tonan]

318 362 426 424 Rornae
437 362 571 441 prinoipis
584 361 694 420 urbium

361 446 498 524 Dignatur
514 444 631 504 suboles
647 443 719 507 inter
731 443 865 506 amabiles
961 483 968 496 ι
1031 463 1033 470 ·

213 533 251 594 15
314 529 414 590 Votum
426 546 533 608 ponere
544 546 589 588 me
604 529 719 605 choros,
909 579 910 586 ,

303 660 307 665 .
360 611 397 673 Et
409 612 556 674 iamrlonto
566 613 657 672 minus
672 613 805 673 mordeor
815 612 920 674 invido.

316 695 351 767 0,
365 697 513 757 testudinis
527 706 630 756 aureae

227 851 231 859 ³
359 779 569 859 Duloem·qnae
581 780 748 858 strepitum,
766 773 855 857 Pieri,
874 788 1027 858 temporeo,

316 862 698 944 Omutisquoquepisoibns
882 871 884 880 '
941 874 943 882 ’

210 949 252 1010 20
359 947 502 1008 Donatum
513 949 612 1025 epgni,
624 950 649 1006 si
659 946 761 1024 libeat,
779 963 888 1024 sonum,

315 1029 414 1090 Totum
425 1032 547 1091 muneris
558 1033 614 1090 lroo
625 1034 665 1090 tui
677 1040 731 1107 est,

246 1125 249 1131 '
361 1115 445 1188 Quod
456 1123 598 1174 monstror
609 1114 698 1192 digito
711 1116 957 1193 praetereuntium

316 1196 674 1274 Romanaeiidieenlyrae:
995 1213 997 1218 ’

359 1281 444 1356 Quod
458 1283 536 1362 spiro
551 1291 580 1342 et
593 1281 705 1360 placeo,
719 1284 743 1342 si
759 1282 871 1360 placeo,
885 1290 962 1341 tuum
974 1290 1028 1340 est.

602 1653 786 1710 omnum

324 1809 328 1823 ,
381 1766 384 1770 ⁴
441 1760 516 1813 mo
546 1761 716 1814 onnnm
748 1728 932 1818 nomin.

357 1866 476 1941 Qualem
486 1872 640 1932 ministrum
650 1871 773 1930 fulminis
784 1870 888 1948 alitem,
902 1905 913 1916 ·

342 1951 409 2012 ‘Cui
420 1972 471 2013 rer
481 1953 598 2014 deornm
608 1971 727 2032 regnum
741 1956 769 2012 in
780 1971 848 2013 aves
865 1973 952 2033 vagas
994 1967 996 1975 ²

406 2035 535 2121 Permisit
545 2046 679 2116 expertus
694 2035 805 2096 fidelem
1095 2041 1100 2050 '

448 2119 575 2200 luppiter
584 2123 613 2181 in
625 2118 785 2196 Ganymede
796 2119 868 2180 flavo
885 2154 895 2166 -

210 2261 235 2314 5*
356 2252 429 2313 Olim
439 2255 566 2314 iuventas
578 2263 606 2314 et
617 2255 723 2332 patrius
732 2255 816 2331 vigor
876 2255 878 2260 ‘

353 2334 427 2396 Nido
438 2336 565 2396 laborum
578 2337 703 2416 propulit
714 2339 842 2414 inscium,

401 2419 545 2498 Vemique
556 2423 610 2488 iam
618 2422 720 2482 nimbis
733 2424 849 2482 remotis

442 2501 580 2566 ‘Insolitos
592 2504 717 2566 docuere
728 2507 806 2566 nisus

351 2636 434 2698 Venti
446 2649 596 2718 paventem
607 2685 616 2718 ‚
628 2656 695 2702 mox
709 2643 736 2701 in
748 2639 834 2701 ovilia

351 2719 472 2784 Demisit
481 2724 592 2784 hostem
604 2725 715 2786 vividus
726 2728 858 2804 impetus,

402 2806 484 2868 Nune
496 2811 525 2868 in
535 2807 706 2868 reluctantes
722 2809 860 2880 dracones

442 2888 601 2969 Egit‘amor
612 2891 692 2968 dapis
707 2901 791 2970 atque
803 2908 930 2970 pugnam

351 3019 508 3094 Qualemve
518 3023 600 3084 laetis
613 3042 715 3102 caprea
726 3027 839 3102 paeonis

348 3102 456 3166 Intenta
472 3107 565 3167 fulvae
575 3111 670 3168 matris
681 3109 715 3169 ab
727 3109 817 3169 'ubere
835 3149 841 3157 -

201 3181 239 3245 15
400 3187 459 3249 lam
469 3190 544 3252 laote
558 3191 706 3270 depulsum
717 3192 837 3271 leonem,
852 3185 855 3194 ¹

438 3273 532 3337 Dente
543 3292 618 3359 novo
630 3281 770 3356 peritura,
780 3277 865 3340 vidit:
