2525 3942
179 222 239 287 rea
549 221 765 283 suurmuuu
976 199 1095 299 Vrsa.
1108 214 1175 289 ar*
1226 266 1229 273 ,

503 436 691 493 samum
708 436 816 489 vul.

262 546 336 606 Olim
345 554 461 604 truncos
473 543 697 628 eremicolam,
712 544 811 602 inutile
824 542 940 619 lignum,

262 628 333 690 (ium
343 629 442 703 luber,
454 630 579 686 incertus
591 643 735 687 searnnum
746 626 892 687 faceretne
903 624 1043 703 Priapum,

259 711 358 773 Maluit
369 729 435 770 esse
447 710 539 769 deum.
562 710 643 770 licus
654 709 721 769 inde
732 726 804 787 ego,
816 708 908 769 lurum
919 712 1070 789 aviumque

157 843 160 848 .
259 794 379 855 Maxima
390 793 529 854 iormitlo:
547 812 610 853 nam
624 794 702 853 iures
715 792 812 852 lextra
824 799 942 851 coercet

218 882 237 942 5
260 878 453 956 Obscenoque
465 878 551 937 ruber
561 885 709 955 porrectus
724 876 759 935 ab
771 877 886 953 inguine
898 875 989 953 palus,

259 962 313 1022 Ast
323 964 497 1040 importunas
508 960 641 1020 volucres
654 961 683 1019 in
698 960 807 1018 vertice
819 957 926 1017 arundo

259 1044 361 1105 l'erret
375 1045 429 1103 lixa
441 1052 574 1121 vetatque
592 1044 675 1103 novis
688 1041 836 1101 considere
850 1043 879 1100 in
889 1042 989 1101 hortis.

259 1128 321 1188 lluc
332 1130 410 1206 prius
422 1130 549 1203 angustis
565 1128 658 1186 eiecta
673 1124 811 1185 cadavera
823 1123 904 1184 cellis

259 1210 422 1273 conservus
432 1209 481 1267 vili
493 1208 630 1287 portanda
641 1208 754 1268 locabat
765 1210 793 1267 ln
805 1224 883 1275 arca:

195 1294 235 1354 10
256 1293 320 1354 lloo
329 1296 451 1352 miserae
461 1292 539 1371 plebi
552 1292 643 1353 stabat
654 1309 801 1352 commune
813 1286 986 1368 sepulerum,

257 1376 411 1437 Pantolabo
425 1394 541 1435 scurrae
551 1375 786 1454 Nomentanoque
796 1376 905 1453 nepoti.

256 1460 336 1522 blillc
347 1458 438 1538 pedes
452 1461 482 1519 in
493 1460 588 1519 frome
596 1491 609 1536 ‚·
617 1468 764 1519 trecentos
777 1460 880 1537 cippus
896 1460 924 1518 iu
935 1476 1033 1536 agrum

256 1543 310 1603 llic
321 1542 419 1618 dabat,
432 1542 554 1602 heredes
568 1550 776 1603 monumentum
786 1559 822 1601 ne
834 1550 1010 1620 sequeretur.

255 1625 282 1688 N
283 1644 337 1686 unc
350 1626 419 1685 licet
428 1624 567 1704 Esquiliis
576 1626 704 1688 habitare
716 1625 874 1686 salubribus
886 1634 971 1704 atque

193 1714 230 1773 15
253 1710 370 1789 Aggere
380 1711 410 1769 in
421 1712 519 1788 aprico
531 1712 663 1789 spatiari,
677 1724 733 1788 quo
744 1709 830 1770 morlo
840 1712 935 1769 tristes

137 1856 150 1874 ‚
253 1793 335 1855 Albis
346 1793 495 1853 informem
506 1794 673 1872 spectabant
684 1794 798 1853 ossibus
810 1812 918 1871 agrum,

255 1876 327 1938 Gom
335 1877 403 1936 milri
414 1892 471 1937 non
480 1886 585 1938 tantum
596 1878 732 1957 laresque
743 1877 896 1955 feraeque,
910 1882 1009 1933 suetae

169 2020 174 2032 A
252 1960 334 2020 llune
348 1978 454 2022 venare
465 1960 577 2037 locum,
595 1968 755 2020 euraesunt
769 1958 967 2037 reueratori,

254 2043 394 2117 Quantum
406 2044 574 2105 carminibus
590 2060 664 2121 quae
675 2051 789 2102 versant
802 2051 888 2123 atque
902 2042 1020 2101 venenis

191 2127 232 2188 20
253 2126 397 2188 Humanos
411 2128 530 2187 animos.
557 2125 615 2185 llas
626 2126 705 2186 nullo
717 2126 838 2204 perdere
853 2142 971 2204 possum

252 2210 315 2271 Nee
330 2210 483 2289 prohibere
493 2208 594 2285 modo,
612 2208 694 2268 simul
705 2226 739 2270 ae
749 2226 823 2286 vaga
838 2209 903 2268 luna
916 2208 1050 2269 decoram

250 2294 369 2354 Protulit
384 2309 435 2368 os,
451 2294 518 2369 quin
530 2310 597 2351 ossa
608 2291 703 2369 legant
714 2292 875 2372 herbasque
885 2298 1034 2352 nocentes.

250 2377 315 2437 Vltli
330 2385 444 2453 egomet
454 2376 535 2453 nigra
547 2376 720 2435 succinctam
729 2374 835 2437 vadere
848 2374 923 2453 palla

250 2457 394 2520 Canidiam
407 2458 528 2536 pedibus
539 2458 621 2519 nudis
633 2476 779 2537 passoque
791 2458 906 2538 capillo,

187 2540 226 2600 25
250 2540 321 2603 Cum
333 2542 442 2619 Sagana
453 2543 561 2603 maiore
570 2543 738 2603 ululantem:
754 2544 846 2622 pallor
858 2551 992 2621 utrasque

248 2625 371 2687 Fecerat
383 2626 539 2687 horrendas
553 2626 702 2705 adspectu.
725 2628 863 2706 Scalpere
878 2637 979 2687 terrare

248 2709 397 2787 Unguibus
412 2720 441 2771 et
452 2710 557 2789 pullam
571 2711 710 2771 divellere
726 2712 870 2772 mordicus
881 2728 981 2788 agnam

250 2791 428 2872 Coeperunt;
440 2811 525 2855 eruor
536 2796 564 2855 in
576 2794 684 2855 fossam
696 2794 848 2869 confusus,
866 2804 896 2853 ut
907 2792 972 2851 inde

162 2935 165 2942 s
247 2876 346 2937 llanes
357 2877 509 2954 elicerent,
528 2881 782 2953 animesresponsa
796 2878 917 2935 daturas.

184 2962 226 3023 30
247 2959 339 3021 lanea
352 2970 381 3020 et
393 2962 506 3039 efigies
520 2970 597 3035 eret,
609 2960 698 3019 altera
711 2976 811 3019 cerea:
823 2960 912 3018 maior

246 3042 354 3120 banea,
372 3062 446 3121 qnae
457 3047 559 3122 poenis
571 3051 771 3121 compesceret
782 3042 958 3111 inferiorem

248 3125 340 3185 Ocrea
352 3124 519 3204 suppliciter
533 3125 625 3185 stabat
636 3125 803 3204 servilibus,
821 3136 851 3186 ut
862 3144 936 3205 quae
950 3152 956 3158 ·

246 3207 304 3268 lam
316 3210 455 3286 peritura,
469 3208 571 3270 modis.
595 3208 723 3271 Hecaten
733 3220 819 3271 vocat
830 3211 933 3287 altera,
946 3226 1059 3271 saevam

122 3350 136 3363 ,
245 3290 343 3351 Altera
358 3289 548 3371 Tisiphonen:
563 3301 714 3372 serpentes
726 3304 811 3375 atque
822 3294 935 3355 videres
