2525 3942
487 238 701 289 ostendero.
1014 243 1089 294 xvn

85 399 193 454 tionem
214 396 243 452 in
260 395 385 452 editione
401 395 590 469 Epistularum
606 415 669 456 mea
691 391 835 458 dolensem
849 406 934 472 atque
953 400 983 456 iu
993 401 1088 460 laonii

85 487 249 537 contextum
271 485 414 552 receptum
442 482 604 540 novissimis
628 483 708 539 editt.
729 486 884 555 proderunt
903 484 1033 542 lleinelro
1059 493 1088 542 et

13 589 14 620 ι
65 565 183 634 nl‘aulp¹
224 564 327 620 Contra
349 563 438 624 Orelli
461 581 523 622 oum
540 566 605 622 oliis
626 567 655 621 in
677 569 733 624 flue
753 573 888 627 sersusd
908 569 1033 639 demun,
1058 576 1088 625 ut

82 649 191 705 verba:
213 649 283 720 pusii
295 661 393 703 censes
407 663 525 705 munero
540 679 584 692 -
597 655 666 706 one?
693 667 775 708 uuam
790 652 915 709 ellitient
928 653 1087 724 interrogo·

49 735 52 741 ’
82 733 209 802 tionem,
228 732 301 788 male
317 731 512 803 interrogandi
528 734 639 806 signum
654 735 742 806 ponit.
757 763 801 776 -
822 735 893 792 lbid.
910 753 951 792 vs.
968 737 1087 795 31ιοιί-

82 816 131 870 nui
149 815 319 888 scripturam
340 816 477 872 librorum
494 817 661 874 auctoritato
677 818 748 876 satis
764 820 896 875 firmatum
916 820 1087 881 sententiae-

83 915 140 970 que
157 899 473 956 accommodatissimam
485 905 569 972 polus
583 908 621 957 ul.
644 901 772 958 lleinelre
789 909 819 958 et
833 903 933 972 l’auly:
952 909 1038 974 petas
1051 912 1086 958 et.

82 1011 128 1024 -
143 983 232 1056 Epist.
247 987 320 1054 7,19
333 985 519 1055 vulpeculam,
537 1001 617 1058 quam
632 1001 727 1042 omnes
741 986 808 1043 libri
825 991 853 1041 et
867 986 965 1058 scripti
981 994 1009 1042 et
1024 995 1087 1044 aute

13 1125 14 1134 ,
83 1067 241 1124 Bentleiunr
258 1067 344 1136 editi,
368 1085 449 1139 quam
462 1070 558 1126 Acron
580 1087 642 1126 cum
663 1076 760 1125 vetere
784 1076 1000 1126 commentatore
1017 1070 1087 1126 cru-

84 1152 145 1224 quii
164 1152 200 1208 ud
218 1151 275 1209 Sat.
294 1151 316 1220 l,
331 1156 355 1221 1,
371 1157 407 1210 53
421 1159 550 1223 tuentur,
568 1170 649 1224 quam
661 1153 836 1225 Augustinus
851 1154 1083 1211 ooutrollendao.

82 1236 120 1291 sd
145 1235 277 1291 consent.
303 1234 349 1290 lv.
372 1253 399 1308 p.
416 1241 470 1296 eto
492 1237 536 1294 ed.
554 1237 618 1294 Ant.
636 1240 687 1296 tor
708 1244 737 1293 et
753 1238 879 1296 isidorus
902 1236 980 1309 Orig.
999 1239 1029 1308 l,
1051 1243 1086 1315 39

83 1325 259 1389 agnoscunt,
283 1318 410 1390 elingere
432 1337 488 1377 non
508 1338 609 1394 pessus
630 1337 706 1391 sum,
729 1339 821 1392 nequo
838 1322 958 1379 Bentleii
981 1328 1010 1378 et
1023 1322 1085 1378 Pal-

83 1403 159 1458 dami
179 1399 237 1474 (De
256 1403 412 1459 imitatione
433 1404 551 1460 lloratii.
577 1404 755 1461 tireilswald.
778 1410 855 1465 1851.
879 1424 907 1478 p·
933 1412 969 1464 10
990 1411 1019 1462 et
1034 1402 1084 1479 11)

13 1519 14 1526 1
82 1486 324 1558 disputationibus
344 1487 553 1558 subtilissimis,
577 1505 669 1560 neque
684 1490 848 1546 Lachmanui
865 1489 959 1548 edicto
984 1490 1084 1548 adduci

82 1570 163 1642 potui
173 1611 189 1639 ,,
199 1576 230 1625 nt
244 1571 392 1642 perpensis
409 1571 463 1642 iis,
487 1589 559 1644 quac
573 1573 617 1627 Fr.
634 1572 738 1630 Jacobs
756 1573 785 1629 in
799 1574 897 1631 lluseo
913 1575 1046 1630 Rhenano
1061 1575 1081 1628 l.

13 1673 14 1676 ¹
82 1671 109 1724 p.
124 1657 177 1713 197
191 1669 270 1725 seqq.
288 1654 389 1710 dehoc
404 1655 468 1712 loeo
482 1656 647 1728 disputesit,
661 1673 714 1728 pro
726 1658 942 1728 vulpeculasque
953 1658 1084 1729 llanptio,

81 1737 244 1806 lleinelrio‚
267 1737 467 1810 stellionum,
484 1741 601 1809 Panlyio
615 1741 766 1796 ottedrelam
782 1743 819 1796 e'x
833 1741 949 1811 ingenio
964 1741 1084 1797 Bentleii

82 1827 175 1877 natum
192 1821 375 1877 admitterem.
392 1851 435 1864 -·-
451 1823 522 1880 lbid.
540 1827 636 1900 vsqll
653 1822 805 1881 (liborium
820 1839 909 1879 meum
925 1829 1038 1880 secutus
1053 1823 1084 1878 in

13 1897 14 1914 ¹
83 1905 151 1960 edit.
170 1905 205 1960 V.
223 1905 336 1961 restitui
358 1903 456 1962 Illaec
470 1923 523 1979 pro
538 1905 664 1963 Ithacae.
679 1936 724 1948 -
744 1908 816 1964 ltin.
833 1924 874 1964 vs.
893 1911 927 1966 56
944 1912 1009 1980 post
1024 1908 1084 1962 eene

82 1991 200 2044 crimine
214 2005 320 2064 commo
335 1991 418 2061 posui
435 1991 463 2046 iu
479 1990 544 2048 odit.
561 1992 613 2062 V.,
630 1999 661 2048 ut
675 1998 827 2064 sequentes
846 1991 1001 2049 infinitivus
1010 2007 1083 2061 pro·

79 2087 188 2144 perure
203 2079 257 2127 etc.
275 2089 291 2128 e
306 2075 445 2130 vocabulo
462 2080 555 2130 nomm
569 2077 694 2147 pendero
709 2082 867 2148 appareret.
904 2075 1035 2132 cetorum
1047 2092 1083 2131 ox

81 2157 126 2212 lris
144 2157 255 2225 verbis,
275 2171 330 2212 non
346 2157 453 2214 ileum
467 2159 568 2231 ipsum,
586 2161 638 2216 sed
654 2166 796 2217 tonsorem
812 2177 828 2217 a
844 2175 941 2228 servo,
963 2158 1011 2230 qui
1027 2175 1082 2217 non

82 2241 163 2298 laese
178 2241 265 2309 ‚iussa
281 2239 400 2313 Philippi
424 2242 597 2315 accipietes,
626 2243 800 2314 interrogari
823 2249 853 2299 et
874 2243 987 2316 exquiri
1013 2242 1082 2298 satis

81 2324 261 2394 intelligitur.
271 2349 316 2366 --
328 2324 399 2380 lbid.
412 2343 454 2382 vs.
467 2330 503 2384 63
516 2327 619 2384 retinui
636 2327 802 2399 optimorum
817 2327 900 2384 litor.
916 2325 1083 2398 scripturum

82 2408 173 2480 Nepet
185 2409 231 2462 ille
244 2423 300 2480 pro
317 2407 418 2480 Nepet,
435 2410 510 2479 quod
526 2418 696 2482 receperunt
709 2411 816 2484 llaupt,
833 2411 979 2479 lleiuelrs,
997 2410 1082 2468 smu-

80 2493 180 2561 baum,
197 2492 292 2560 Pauly.
311 2519 354 2534 -·
374 2491 463 2566 Epist.
478 2498 508 2563 8,
522 2500 554 2564 5,
577 2495 626 2550 ubi
643 2497 710 2552 ntea
725 2502 754 2551 et
765 2496 828 2550 oleo
845 2493 1015 2551 coniunctior
1030 2511 1082 2565 op

80 2582 223 2648 ponuntur
243 2578 387 2640 armento,
414 2577 535 2650 optimos
558 2577 648 2635 libros
674 2584 788 2636 secutus
808 2578 912 2636 retinui
932 2578 1082 2650 oleumque,

81 2675 134 2731 pro
154 2675 210 2730 qno
226 2659 355 2715 lleiuelso
379 2659 484 2732 oliiqus
498 2664 618 2717 okomoe
636 2662 847 2725 cumpltentleio.
862 2689 907 2702 -··
927 2660 1017 2732 Epist.
1037 2664 1081 2730 10,

81 2743 300 2814 discriptorum
317 2743 472 2815 volgatam,
495 2761 576 2817 quom
593 2745 697 2817 optime
714 2743 1009 2827 delendit'Olslsorius,
1025 2759 1080 2800 non

82 2825 197 2880 mutavi.
235 2821 341 2898 llaript:
362 2828 430 2883 vieto
447 2829 547 2886 antem
558 2824 621 2902 (sel
633 2824 753 2902 rident).
768 2857 812 2871 --
827 2829 898 2884 llsid.
913 2827 1080 2900 scriptoram

80 2909 152 2965 vulsit
166 2905 362 2980 uniceverom
377 2911 480 2968 retinui
496 2929 558 2968 cum
574 2912 716 2983 otberto,
732 2913 781 2985 qni
795 2929 855 2970 eom
871 2918 972 2970 tuetur.
1010 2912 1080 2968 llei-

82 2993 172 3062 ueke,
195 2993 314 3063 stollis,
337 2993 423 3065 l'nuly
443 2997 531 3052 cedet
546 3026 591 3039 -
619 2997 707 3070 lipist.
723 3005 768 3056 11;
799 2997 866 3054 Post
886 2995 958 3055 ulios
978 2996 1079 3069 Haupt,

84 3091 164 3147 quem
177 3077 266 3132 secuti
277 3082 341 3132 suut
351 3077 481 3135 llainelre
496 3086 525 3136 et
536 3081 633 3150 Pouly,
647 3084 796 3140 susi-do
807 3099 844 3138 es
854 3096 974 3154 persona
987 3081 1080 3138 Bulle-

83 3159 115 3212 tii
133 3159 256 3231 scriptos
273 3176 338 3216 esse
354 3164 514 3233 contendit,
531 3165 575 3220 cui
587 3164 715 3237 opinioni
731 3165 861 3238 squidem
875 3164 1007 3223 assentiri
1024 3179 1079 3222 uon

82 3257 204 3313 possum.
241 3243 306 3299 Vid.
324 3261 395 3316 quse
409 3245 445 3312 de
460 3248 515 3303 hoo
530 3250 594 3305 loeo
610 3249 731 3306 disserui
747 3251 776 3305 iu
790 3265 887 3322 progr.
903 3248 991 3304 solsol.
1010 3263 1079 3316 opu-

82 3330 124 3380 tra
135 3324 405 3399 llorqenstornium,
421 3331 560 3388 llolberst.
577 3336 657 3402 1816,
673 3338 702 3387 et
716 3335 745 3390 in
758 3332 957 3390 commentario
971 3330 1006 3386 ad
1016 3331 1043 3386 la.
1057 3331 1077 3384 l.

81 3435 125 3450 -
142 3407 231 3482 Epist.
252 3416 349 3481 11,19
370 3414 508 3487 scriptura
531 3417 699 3491 optimorum
721 3419 858 3490 lilsrprum
879 3413 1006 3486 defende
1026 3428 1078 3484 pro

61 3557 65 3564 .
135 3519 296 3568 nonnosus.
854 3515 872 3569 b
1051 3517 1058 3530 ‘
