2525 3942
85 333 91 338 ἡ
115 225 217 307 [iopen.
231 234 284 310 ιι]
532 240 643 303 blbbn
657 236 698 303 1!
1023 248 1084 314 227

68 465 77 473 ,
114 387 220 464 Discc5
237 386 382 448 docendus
393 386 485 449 adbuc
496 402 684 467 quaeoenset
695 394 849 473 amiculus,
867 408 896 457 ut
907 402 931 459 si

113 469 224 531 Caecus
238 473 293 531 iter
303 480 459 532 monstrare
470 471 553 542 velit;
568 508 606 519 —-
617 485 710 535 tamen
721 476 857 555 adspice,
875 482 978 561 siquid

114 553 227 631 Etnos,
244 554 322 633 quod
333 572 417 615 cures
433 556 576 632 proprium
588 557 709 633 iecisse,
729 559 884 637 loquamur.
975 580 977 587 ’
1060 569 1079 629 5

84 671 88 677 =
111 637 142 696 si
153 646 182 696 te
193 645 273 715 grata
287 639 370 715 quies
382 646 411 697 et
422 641 539 715 primam
549 656 665 701 somnus
680 644 708 701 in
718 642 829 703 boram
1159 633 1163 642 ¹

109 719 258 796 Delectat,
274 723 298 779 si
309 729 340 780 te
350 720 443 798 pulvis
454 724 648 802 strepitusque
658 733 791 803 rotarum,
867 784 869 787 .
901 771 905 776 ·
1017 736 1034 791 ’,

110 803 142 862 Si
153 802 240 863 laedit
251 819 397 880 caupona:
415 803 597 866 Ferentinum
608 808 650 869 ire
661 808 782 869 iubebo:
957 828 961 837 “

96 885 179 952 ,Nam
191 903 285 964 neque
296 886 428 946 divitibus
440 889 606 965 contingunt
616 890 719 967 gaudia
730 891 812 967 solis,

109 967 170 1027 Nec
181 970 250 1027 vixit
264 968 352 1045 male,
369 972 417 1047 qui
428 980 508 1031 natus
520 974 704 1051 moriensque
716 974 828 1034 fefellit.
1015 981 1078 1040 =10
1231 970 1239 985 '

108 1052 138 1111 Si
152 1050 290 1129 prodesse
304 1054 360 1111 tuis
375 1053 520 1132 pauloque
534 1055 685 1133 benignius
696 1058 789 1135 ipsum

107 1134 148 1193 Te
158 1135 389 1209 tractarevoles:
411 1137 535 1197 accedes
548 1140 645 1199 siccus
657 1140 692 1199 ad
703 1150 824 1199 unctum.

109 1217 193 1296 Diop.
209 1219 264 1296 „si
277 1218 428 1297 pranderet
439 1220 502 1288 olus
515 1224 671 1299 patienter,
687 1224 803 1301 regibus
815 1214 856 1284 uti

99 1300 227 1377 „Noiiet
237 1302 435 1381 Aristippus.“
456 1302 553 1366 Arist.
564 1306 619 1382 „si
631 1308 723 1366 sciret
729 1308 846 1385 regibus
858 1310 908 1385 uti,

105 1384 280 1459 „Fastidiret
292 1385 372 1457 olus,
388 1389 436 1464 qui
447 1406 493 1445 me
506 1392 620 1448 notat.“
643 1389 850 1465 Utriosborunp
1035 1382 1073 1457 15

109 1466 200 1527 Verba
210 1468 317 1545 probes
328 1478 358 1527 et
368 1468 458 1545 iacta,
477 1470 567 1546 doce,
581 1471 629 1530 vei
639 1474 732 1532 iunior
743 1471 818 1548 audi,

107 1549 163 1609 Gur
173 1549 356 1629 sitAristippi
370 1554 465 1629 potior
474 1556 622 1613 sententia.
644 1554 773 1632 Namque
847 1571 849 1583 ’

104 1633 266 1694 biordacem
281 1632 418 1709 Cynicum
428 1637 472 1693 sic
483 1633 631 1712 eludebat,
650 1646 680 1696 ut
690 1640 781 1697 aiunt:

104 1718 249 1793 „Scurror
260 1725 316 1795 ego
327 1719 484 1795 ipsemih'i,
505 1718 611 1796 populo
622 1727 666 1779 tu:
677 1721 783 1779 rectius
796 1720 852 1778 boc
864 1728 893 1779 et
933 1756 934 1765 ι

103 1800 409 1887 „splendidiusmuito
424 1810 478 1860 est.
500 1800 600 1880 Equus
610 1811 641 1861 ut
652 1819 698 1861 me
709 1810 812 1880 portet,
828 1802 884 1863 aiat
894 1820 956 1880 rex,
1032 1806 1072 1865 20
1136 1855 1139 1863 ,

103 1884 259 1961 „Officium
271 1884 361 1953 iacio;
376 1894 406 1944 tu
419 1887 518 1962 poscis
530 1884 597 1945 vilia
611 1903 716 1961 rerum,
827 1919 832 1925 -

103 1968 218 2042 „Dante
229 1970 336 2044 minor,
352 1970 479 2046 quamvis
495 1968 555 2028 fers
569 1978 598 2028 te
612 1968 716 2027 nullius
728 1962 894 2047 egentem.“
961 2003 967 2010 ι

103 2051 199 2122 Omnis
210 2050 385 2129 Aristippum
396 2050 492 2110 decuit
503 2049 584 2111 color
595 2060 624 2111 et
635 2059 724 2112 status
735 2060 764 2111 et
774 2070 833 2128 res,

101 2134 265 2194 'l'entantem
275 2136 399 2209 maiora,
415 2133 478 2193 iere
490 2135 692 2213 praesentibus
700 2152 828 2215 aequum.

53 2295 57 2303 Ι
102 2216 220 2294 Contra,
235 2235 319 2297 quem
330 2216 435 2294 duplici
447 2232 539 2295 panno
551 2215 686 2295 patientia
696 2219 782 2295 velat,

22 2322 31 2343 ι
100 2301 238 2377 mirabor,
256 2302 331 2361 vitae
342 2303 387 2359 via
397 2301 423 2359 si
439 2317 580 2381 converso
588 2300 712 2361 decebit.
825 2300 829 2305 ’

100 2385 179 2443 Alter
193 2387 362 2461 purpureum
374 2402 430 2443 non
441 2386 620 2461 exspectabit
630 2386 771 2459 amictum,
870 2377 875 2385 '

97 2468 245 2540 'Quidlibet
256 2467 367 2526 indutus
380 2466 565 2527 celeberrima
576 2484 630 2544 per
640 2467 705 2527 loca
716 2467 813 2541 vadet,'

100 2550 309 2625 Personamqne
321 2549 394 2607 ieret
404 2566 460 2607 non
470 2551 655 2609 inconcinnus
669 2544 830 2625 utramque3

100 2634 180 2692 ditor
193 2631 281 2689 Mileti
293 2639 397 2690 textam
409 2648 479 2690 cane
489 2632 572 2708 peius
588 2639 617 2689 et
627 2633 710 2707 angui

99 2717 204 2775 Vitabit
216 2714 406 2790 chlamydem,
424 2716 558 2772 morietur
568 2711 691 2790 frigore,
702 2714 733 2770 ‘si
744 2724 801 2769 non

99 2794 243 2859 Retuieris
256 2815 385 2875 pannum.
407 2797 497 2855 Refer
509 2805 538 2855 et
549 2795 612 2854 siue
622 2796 699 2855 vivat
709 2794 837 2871 ineptos!
948 2837 952 2841 -

73 2885 76 2893 '
98 2884 157 2943 Res
168 2899 271 2961 gerere
285 2889 313 2941 et
324 2889 424 2958 captos
435 2880 588 2948 ostendere
600 2878 709 2937 ciuibus
719 2878 829 2954 hostes,

97 2967 216 3043 Attingit
225 2963 327 3025 solium
333 2962 410 3024 lovis
422 2973 451 3023 ct
462 2962 600 3023 coelestia
609 2970 711 3022 tentat:

98 3048 273 3127 Principibus
284 3048 427 3126 placuisse
437 3048 506 3105 viris
520 3061 577 3106 non
587 3045 683 3105 ultima
696 3043 757 3103 laus
769 3050 822 3101 est.

97 3133 160 3193 Non
172 3133 263 3192 cuivis
271 3133 376 3200 bomini
388 3132 524 3208 contingit
536 3128 613 3190 adire
626 3126 798 3187 Corinthum.
889 3186 892 3193 ,

98 3216 177 3276 Sedu
189 3216 237 3295 qui
248 3217 353 3291 timuit,
368 3233 406 3281 ne
416 3228 472 3273 non
483 3212 666 3283 succederet:
680 3220 754 3271 esto.
838 3280 840 3285 .

99 3299 189 3376 Quid,
210 3294 419 3379 quipervenit?
440 3292 710 3357 Fecitneviriiiter?
732 3291 817 3371 Atqui

844 3368 901 3429 15*
1012 3406 1050 3442 :¹
