2525 3942
188 232 249 297 ιιι
566 230 784 302 surunnuu
1029 235 1157 319 [sion]

272 426 294 462 „
303 381 588 461 „biedio.l)eboient
597 382 1068 465 inopemrenaete,nioibusatque

271 510 293 544 „
302 466 429 546 „Ingens
440 468 552 531 aeeedit
562 468 710 534 stomaobo
721 466 824 527 initura
833 469 935 527 ruenti.

189 553 250 614 155
271 549 367 627 „„Tn
379 548 496 619 masas?
511 550 658 629 Agedum,
671 568 751 612 sume
762 550 819 611 boe
830 552 1011 628 ptisanariunn
1022 555 1140 629 oryzae!

270 676 292 710 „
302 632 425 713 „Opim
437 634 541 708 Quanti
551 632 664 696 emtaei
676 632 865 707 diedl’prvo.
883 631 1049 711 Op.Qqanti
1060 636 1153 716 engo?

708 715 977 779 Medoctusaibus.
996 716 1151 799 Opbiheu,

269 843 291 877 „
299 798 399 876 „Quid
409 801 507 877 refert,
518 801 618 862 morbo
629 818 664 861 an
675 801 756 861 furtis
766 816 937 877 pereamque
948 799 1098 879 rapinis?“
1111 838 1150 849 —

268 888 314 960 „5
330 883 464 956 Quisnam
487 887 572 962 igitur
592 881 699 944 sanus?
723 888 743 953 9
754 883 884 1025 Qui?non
908 883 1019 944 stultus.
1043 891 1063 957 i
1075 884 1150 961 Quid

704 984 805 1027 aruns

268 1049 420 1126 „ystnltus
431 1060 461 1111 et
470 1052 595 1114 maanus.
606 1048 714 1125 maid,
726 1052 751 1109 si
763 1051 826 1127 quis
837 1066 894 1122 non
905 1050 942 1110 sit
952 1068 1063 1129 avum,

267 1131 433 1211 „oontuno
442 1130 545 1196 saone?
555 1131 699 1203 tidinirue.
711 1132 799 1209 idun,
808 1130 926 1193 Stoice?
938 1133 1066 1207 sitiam.

268 1216 357 1293 „Non
369 1223 413 1275 est
425 1215 570 1282 cardiacus
584 1250 621 1261 ·-
636 1215 782 1292 Graterpm
795 1215 902 1277 dixisse
916 1225 1012 1294 putato
1025 1252 1062 1263 -

267 1298 345 1376 „Hie
356 1316 457 1377 aeger:
470 1308 549 1359 reete
563 1307 607 1359 est
621 1301 707 1376 igitur
718 1296 893 1379 surgetque?
904 1298 1037 1378 Negabit,

267 1380 377 1457 „Quod
387 1381 460 1444 latus
470 1391 518 1443 aut
527 1401 613 1443 renes
625 1383 727 1443 morbo
741 1390 880 1443 tentantur
891 1392 985 1443 aeuto.

267 1464 356 1541 „Non
366 1474 411 1526 est
422 1469 551 1544 periurus
562 1484 657 1545 neque
670 1466 811 1542 sordidus,
823 1465 949 1528 immolet
962 1467 1060 1545 aequis

266 1547 344 1625 „Hie
355 1565 472 1627 porcum
483 1542 613 1619 Laribus3
625 1568 724 1609 verurn
735 1549 900 1609 ambitiosus
915 1558 944 1608 et
955 1549 1059 1609 audax:

265 1630 411 1710 „Naviget
420 1632 592 1708 Anticyram.
608 1632 683 1706 Quid
695 1634 768 1695 enim
779 1632 882 1708 differt,
894 1632 1059 1694 barathrone

265 1713 388 1791 „Dones
399 1716 535 1794 quidquid
544 1717 644 1793 babes,
657 1735 692 1778 an
703 1734 842 1795 nunquam
852 1723 931 1777 utare
942 1712 1060 1793 paratis?

264 1798 405 1874 „Servius
417 1798 557 1878 Oppidius
569 1799 674 1860 Canusi
685 1800 740 1859 duo
752 1798 883 1877 praedia,
898 1798 978 1859 dives

147 1910 152 1925 =
263 1881 411 1961 „Antiqno
424 1901 526 1958 censu,
548 1885 620 1950 natis
629 1883 738 1946 divisse
748 1882 858 1943 duobus

264 1964 389 2041 „Fertur
399 1974 429 2027 et
442 1964 517 2023 bueo
531 1965 657 2023 moriens
673 1965 773 2041 pueris
787 1964 896 2025 dixisse
911 1966 1023 2027 voeatis

263 2049 332 2126 „Ad
342 2050 462 2109 laetum:
474 2049 650 2129 „Postquam
661 2056 691 2109 te
702 2049 791 2125 talos,
803 2047 887 2124 Aule,
899 2064 1046 2126 nucesque

263 2176 284 2208 „
293 2132 404 2209 „Fene
416 2135 479 2192 sinu
488 2133 570 2209 laxo,
586 2133 692 2193 donare
705 2142 734 2192 et
745 2132 844 2204 ludere
854 2130 922 2208 vidi,

262 2258 283 2291 „
292 2214 368 2291 „Te,
381 2214 487 2291 Tiberi,
499 2233 657 2291 numerare,
671 2216 748 2283 cavis
759 2213 936 2275 abscondere
947 2214 1072 2291 tristetu3

261 2297 447 2374 „„Extimui,
462 2315 499 2356 ne
509 2314 562 2357 vos
573 2292 671 2375 speret
681 2298 797 2357 vesania
808 2296 929 2371 discors,

261 2379 356 2455 „„'l'u
367 2374 581 2456 Nomentanum,
592 2389 622 2440 tu
633 2398 670 2441 ne
684 2396 841 2463 sequerere
852 2376 989 2439 Gieutaru.

260 2504 282 2537 „
292 2462 410 2539 „Quare
422 2480 475 2541 per
485 2461 567 2522 diros
582 2472 678 2525 oratus
688 2472 809 2543 uterque
819 2461 951 2538 Penates,

260 2587 281 2621 „
291 2545 357 2623 „Tu
369 2564 440 2606 aare
450 2562 487 2610 ue
498 2548 621 2624 minum,
636 2556 667 2609 tu
678 2566 713 2608 ne
727 2548 816 2614 maius
830 2546 918 2620 iacias
932 2545 971 2622 id,

259 2628 398 2707 „„Quod
412 2632 480 2691 satis
492 2650 559 2694 esse
574 2640 653 2709 putat
663 2640 743 2709 pater
754 2640 782 2691 ot
792 2639 889 2693 natura
902 2635 1028 2689 coercet.

157 2782 165 2795 ,
259 2713 463 2792 „„Prneterea
476 2734 514 2779 uo
527 2732 581 2775 vos
595 2715 690 2776 titillet
700 2714 808 2792 gloria,
824 2716 886 2773 iure
1067 2760 1074 2773 ,

175 2794 238 2857 180
258 2796 432 2875 „„1nrano0
447 2799 621 2877 obstringam
634 2798 733 2859 ambo:
751 2808 814 2857 uter
825 2795 924 2867 aedilis
935 2795 1056 2857 fueritve

257 2922 279 2956 „
287 2881 444 2957 „Vestrum
455 2893 584 2960 praetor,
596 2884 622 2940 is
633 2879 801 2941 intestabilis
813 2886 842 2936 et
853 2894 935 2937 sacer
946 2886 1019 2940 esto.

257 3006 279 3040 „
288 2964 344 3041 „in
356 2966 452 3025 eicere
465 2974 550 3041 utque
565 2964 629 3023 saba
640 2964 714 3023 bona
725 2971 754 3020 tu
766 2960 926 3038 perdasque
936 2959 1052 3037 lupinis,

256 3088 278 3122 ,‚
287 3047 395 3123 ‚,batns
409 3055 441 3108 ut
456 3048 486 3107 in
497 3045 581 3107 Circo
593 3046 719 3122 spatiere
730 3052 779 3105 nut
788 3058 894 3106 aeneus
906 3054 936 3105 ut
947 3053 1017 3121 stes,

255 3128 409 3205 „„Nudos
421 3129 513 3205 agris,
524 3126 617 3189 nudus
632 3129 767 3204 nummis,
780 3128 888 3203 insane,
904 3130 1041 3206 paternis:

173 3209 232 3272 185
256 3210 429 3287 „„Seilioet
441 3210 609 3289 utplausus,
626 3212 766 3290 quesiert
775 3210 912 3290 Agrippa,
924 3211 1050 3287 forastu,

254 3292 407 3371 „„Astuta
419 3296 572 3373 ingenuum
581 3295 684 3375 vulpes
698 3297 803 3355 imitata
814 3292 970 3353 leonem?“
985 3326 1022 3339 -—
