2525 3942
106 251 209 327 repat.
222 253 258 328 ι]
317 259 322 269 s
459 320 461 322 ,
512 250 625 332 prusa
640 248 677 309 ιι.

85 402 202 473 scastis
213 420 276 462 cum
287 404 384 481 pueris
395 404 491 480 ignara
503 402 599 481 puella
610 404 701 462 mariti
722 396 737 453 ι’
807 434 816 446 1

105 486 238 546 llusccrct
248 485 323 546 unde
334 502 454 564 preces,
470 495 564 545 vatem
575 504 604 545 m
596 484 696 545 blusa
707 484 853 546 dedissetl
945 559 954 574 ·

103 570 201 629 l‘oscit
210 587 297 647 opem
308 571 412 629 chorus
423 579 452 629 et
456 572 624 652 praesentia
636 572 747 629 numina
758 572 853 644 sentit,

104 652 257 713 Caelestes
271 651 835 731 implorataquasdoctapreceblandus,
896 659 907 673 '

103 737 213 795 Avertit
225 736 357 812 morbos,
374 735 524 796 metuenda
535 737 662 815 periculo
674 736 764 814 pellit,

76 821 91 897 Ἰ
103 819 238 897 impetrat
250 829 278 881 et
290 837 390 897 pacem
402 828 431 878 et
441 820 616 897 locupletem
628 820 757 897 frugibus
768 838 879 881 annurn.

103 901 234 963 Carmine
249 902 276 962 di
289 906 385 981 superi
398 903 559 981 placantur,
578 906 701 963 carmine
711 902 821 965 Manes.
925 924 928 934 ’

102 986 255 1063 Agricolae
266 990 371 1064 prisci,
390 988 479 1047 lortes
492 1003 639 1065 parvoque
653 986 740 1063 beati,

103 1066 223 1129 Condita
238 1079 303 1147 post
314 1070 452 1131 frumenta
465 1071 593 1130 levantes
605 1075 735 1147 tempore
746 1071 823 1131 tosto

102 1150 215 1230 Corpus
229 1156 281 1212 et
272 1170 364 1246 ipsum
375 1156 496 1214 animum
509 1170 563 1253 spe
575 1154 639 1213 linis
651 1152 718 1214 dura
730 1155 921 1231 terentem,

37 1260 42 1265 ·
100 1233 172 1295 cum
184 1239 272 1296 sociis
277 1229 420 1315 ¹operum,
440 1240 537 1315 pueris
550 1246 580 1296 et
590 1240 713 1315 coniuge
725 1237 790 1314 uda,

100 1318 242 1381 'l'ellurem
257 1337 366 1397 porco,
386 1320 529 1381 Silvanum
543 1321 617 1381 lacte
633 1322 755 1399 piabant,

99 1401 232 1461 Fletibus
244 1412 273 1461 et
283 1405 349 1462 vinu
363 1402 482 1462 Genium
493 1421 647 1463 memorem
658 1404 755 1463 brevis
766 1405 840 1463 aeri.

100 1484 276 1544 Fescennina
288 1502 340 1561 per
349 1485 423 1545 bunc
434 1486 670 1545 inuentslicentia
681 1500 789 1545 morem

99 1567 236 1628 Versibus
248 1568 363 1627 alternis
375 1569 529 1646 opprobria
540 1570 645 1628 rustica
658 1567 739 1643 ludit,

99 1649 286 1729 libertasque
298 1660 478 1711 recurrentes
488 1660 607 1728 accepta
619 1668 672 1728 per
682 1668 772 1710 annos
862 1717 866 1725 „

89 1732 176 1792 'lusu
187 1728 359 1811 amabrhter,
377 1733 489 1794 donec
480 1753 535 1794 ram
546 1752 651 1794 saevus
662 1743 830 1811 apertam
845 1738 849 1744 '

97 1815 130 1876 ln
141 1817 247 1876 rabiem
257 1820 358 1896 coepit
367 1820 458 1877 verti
450 1834 532 1877 rocus
547 1827 576 1877 et
590 1836 651 1896 per
645 1818 822 1877 honestas

97 1899 143 1960 lre
155 1899 276 1960 domos
267 1920 383 1979 impune
394 1903 495 1961 minax.
514 1895 645 1961 Doluerc
659 1910 817 1961 cruento

19 2026 27 2032 -
96 1984 190 2043 Dente
204 1982 346 2062 lacessiti,
365 1985 418 2043 luit
429 1986 540 2044 intactis
555 2002 673 2085 quoque
684 2001 750 2044 cura

91 2059 267 2132 Gobditione
280 2086 368 2145 super
380 2070 538 2145 communi,
556 2071 623 2146 quin
635 2070 718 2129 etiam
729 2067 777 2127 lex

23 2187 26 2190 -
95 2149 248 2228 Poenaque
259 2151 330 2227 lata,
344 2151 419 2211 malo
433 2170 506 2229 quae
519 2151 608 2212 nollet
619 2153 742 2211 carmine
754 2167 923 2229 quemquam

94 2233 241 2303 Describi;
259 2235 516 2311 verteremodum,
529 2234 678 2295 tormidine
693 2234 778 2294 lustis
856 2275 859 2285 .

94 2317 138 2375 Ad
150 2315 223 2376 ben'e
236 2318 386 2377 dicendum
398 2280 652 2398 delectandumque
664 2316 781 2378 redacti.

94 2400 214 2460 Graecia
226 2411 309 2478 capta
321 2401 411 2461 le'r'um
422 2404 560 2473 victorem
572 2405 666 2479 cepit,
687 2410 715 2461 et
726 2411 801 2462 artes

93 2482 188 2542 Intulit
198 2486 305 2560 agresti
315 2483 409 2543 Latio:
428 2486 471 2544 sic
482 2485 613 2544 horridus
623 2484 673 2544 illc
747 2486 751 2493 ‘

92 2567 218 2626 Deduxit
228 2584 362 2625 numerus
373 2568 534 2642 Saturnius,
536 2575 575 2625 ‘et
584 2584 673 2643 grave
686 2568 763 2626 uirus

93 2645 245 2709 blanditiae
261 2648 418 2726 pepulere;
428 2648 514 2707 sed
495 2668 523 2707 un
534 2648 652 2725 longum
663 2658 754 2709 tamen
765 2666 869 2708 aerum
943 2705 950 2719 ..
980 2721 982 2724 Ι
1040 2694 1042 2699 ,

65 2736 68 2740 ’
93 2731 256 2793 Manserunt
271 2732 416 2809 hodieque
427 2730 673 2809 manentvestig'ia
685 2733 767 2795 ruris.

93 2805 181 2874 Serus
194 2817 267 2874 enim
282 2814 402 2875 Graecis
413 2815 536 2875 admovit
546 2816 674 2876 acumina
685 2815 799 2891 chartis,

93 2898 130 2958 Ft
140 2907 207 2975 post
219 2897 324 2959 Pumca
336 2898 412 2959 bella
423 2901 535 2978 quietus
550 2916 688 2979 quaerere
701 2899 809 2975 coepit
1015 2960 1023 2965 ,

20 3009 27 3016 ,
94 2982 169 3054 Quid
181 2982 343 3059 Sophocles
358 2991 387 3042 et
399 2982 521 3059 Thespis
532 2992 562 3042 et
573 2978 734 3058 Aeschylus
746 2982 816 3043 utile
824 2981 940 3043 terrent.
1011 3046 1015 3051 ,

93 3064 222 3124 Tentarit
233 3083 349 3143 quoque
360 3083 420 3125 rem
431 3084 454 3123 ιι
448 3066 552 3142 digne
561 3075 675 3127 vertere
688 3075 799 3143 posset,
907 3078 912 3089 “

13 3159 19 3168 ’
91 3145 128 3207 lut
139 3148 245 3225 placuit
255 3148 326 3224 srbr
340 3157 437 3207 natura
448 3149 575 3209 sublimus
587 3159 616 3209 et
626 3167 709 3209 acer
784 3156 789 3160 “

91 3230 162 3291 Nam
173 3233 262 3309 spirat
272 3233 409 3308 tragicum
421 3233 490 3303 satis
501 3241 530 3291 et
539 3232 663 3293 feliciter
673 3232 768 3307 audet,

91 3312 150 3374 Sed
161 3323 271 3393 turpem
283 3322 362 3392 putat
372 3316 473 3374 inscite
484 3318 682 3397 metuitque
652 3276 771 3375 Ιίιιιιιιιι.
