2525 3942
104 234 173 311 [sus.
186 232 224 310 n]
496 190 656 297 srusuu}

188 383 737 463 Qumqseuuesoleassuetulvesuiu
748 406 844 467 cerna,

187 465 231 527 Ac
239 470 294 528 nisi
304 478 437 529 mutatmu
447 474 539 548 pascit
548 471 707 532 defundere
720 474 831 549 sinum,
843 483 882 551 et,

187 549 275 611 Gaius
287 552 405 612 oderem
417 554 475 614 elei
485 573 613 632 nequeas
628 555 768 633 perferre,
781 588 792 600 ·
804 556 902 618 licebit

185 632 238 694 llle
248 638 379 713 repotia,
394 637 502 697 natales
513 639 622 697 aliosve
635 638 744 699 dierum
1028 642 1071 705 60

184 716 290 778 Festus
300 719 409 779 albatus
422 720 551 781 celebret
560 754 573 767 -
583 739 673 783 cornu
687 725 751 801 ipsc
762 723 855 785 bilibri

185 798 321 861 caulibus
331 803 462 879 instillat,
482 808 655 866 reterisncn
666 809 863 884 parcusacetl.

185 882 268 956 Quali
278 888 365 963 igitur
374 889 452 946 uictu
464 890 578 965 sapiens
588 896 698 966 utetur,
714 890 853 950 ethorum

182 966 280 1028 Utrum
301 968 472 1031 imitabitur?
504 970 565 1033 llac
586 982 671 1051 urget
691 973 793 1052 lupus,
815 973 870 1033 bac
891 975 980 1053 canis,

689 1060 775 1117 aiunt
870 1078 881 1097 r

180 1132 301 1194 lduudus
313 1138 381 1214 erit,
395 1139 645 1216 quinenoliendat
657 1140 807 1217 serdibus,
825 1150 911 1225 atque
1024 1145 1065 1205 65

180 1215 213 1276 ln
226 1228 352 1279 neutram
365 1230 472 1297 partem
482 1223 575 1283 cultus
587 1226 684 1284 miser.
703 1224 757 1285 Hic
768 1242 863 1304 neque
875 1227 978 1305 servis,

179 1300 277 1360 Albuti
287 1306 366 1362 senis
376 1305 525 1384 exemplu,
538 1308 604 1367 dum
614 1310 708 1369 munia
720 1308 800 1384 didit,

180 1383 289 1444 Saeuus
301 1388 372 1461 erit,
388 1404 460 1464 nec,
473 1391 516 1447 sic
526 1400 557 1449 ut
568 1391 690 1469 simplex
699 1391 843 1468 Naevius,
856 1402 968 1453 unctmn

181 1464 316 1525 convivis
340 1469 490 1545 praebebit
509 1489 623 1549 aquam:
655 1476 754 1533 vitium
778 1474 835 1533 bue
863 1490 979 1553 quoque

683 1572 824 1633 magnuuu.

178 1632 290 1710 Accipe
299 1636 494 1710 nunc‚uictus
504 1638 597 1696 tennis
608 1655 683 1715 quae
695 1647 855 1715 quantaque
870 1656 968 1699 seeum
1021 1642 1065 1701 70

178 1714 296 1776 Aderat.
319 1715 352 1775 lu
363 1718 460 1794 primis
470 1718 568 1779 valeas
578 1719 669 1779 bene:
683 1738 747 1781 narn
758 1723 852 1781 variae
863 1740 911 1781 res

135 1798 138 1805 '
177 1798 215 1859 Ut
224 1809 346 1860 noceant
355 1801 475 1878 bomini,
489 1801 607 1878 credas,
618 1820 728 1866 memor
738 1803 814 1865 illius
826 1822 922 1882 escae,

178 1882 259 1956 Quae
270 1882 391 1962 simplex
402 1884 469 1969 olim
482 1886 533 1946 tibi
548 1886 670 1961 sederit,
685 1896 713 1947 st
725 1886 808 1947 simul
820 1890 893 1949 assis

175 1966 326 2027 lliscneris
340 1968 432 2046 elixa,
448 1968 531 2029 simul
543 1970 692 2046 conchylia
702 1970 802 2048 turdis,

174 2050 277 2111 Dulcia
288 2070 321 2111 sc
332 2054 361 2111 in
372 2052 459 2112 bilem
470 2062 582 2113 rement
592 2056 799 2133 stomachoque
808 2053 957 2117 tumultum
1021 2058 1062 2123 75

174 2133 347 2195 Lentaierct
361 2137 470 2213 pituita.
491 2136 596 2214 Vides,
616 2147 647 2197 ut
658 2137 779 2215 pallidus
791 2140 882 2199 curnis
929 2210 930 2215 γ

175 2216 271 2279 (leena
284 2218 418 2297 desurgat
433 2218 538 2280 dubia?
557 2220 632 2294 Quin
644 2239 749 2299 corpus
763 2230 894 2281 onustum

173 2300 322 2363 liesternis
331 2304 408 2363 uitiis
419 2305 539 2364 animum
551 2322 667 2383 queque
678 2314 846 2383 praegravat
857 2323 920 2383 unu,
968 2324 970 2331 ‘

173 2385 269 2464 Atque
279 2387 369 2465 alligit
378 2387 462 2447 bunio
475 2388 586 2474 diviupe
597 2388 761 2465 particulam
772 2406 867 2449 aurae.

173 2467 730 2549 Alter,ubidlctccitiuscurutasopuri
1015 2477 1056 2538 80

90 2550 103 2562 ’
173 2550 300 2609 blembra
311 2550 526 2628 dedit‚uegetus
538 2556 715 2630 praescripta
726 2553 761 2613 ad
771 2556 864 2613 munia
875 2558 974 2632 surgit.

173 2633 227 2692 llic
237 2641 331 2693 tumen
341 2633 377 2691 ad
387 2634 489 2694 melius
499 2636 605 2711 poterit
614 2645 807 2695 transcurrere
819 2636 970 2716 quendam,

172 2715 242 2776 Siue
252 2714 327 2775 diem
340 2716 445 2776 festum
458 2715 572 2777 rediens
585 2717 732 2777 advexerit
742 2736 830 2779 annus

172 2800 231 2859 Seu
240 2816 372 2860 recreare
381 2799 461 2860 volet
470 2809 612 2861 tenuatum
624 2816 747 2879 cerpus,
761 2800 867 2881 ubique

170 2882 769 2945 Accedentunniettraetarimclliusaetas
1013 2890 1054 2950 85

169 2966 317 3028 lmbecilla
326 2967 420 3038 volet;
436 2969 486 3028 tibi
500 2967 631 3047 quidnam
642 2968 763 3029 accedet
772 2967 807 3028 ad
818 2970 929 3045 istum·

171 3051 261 3125 Quam
274 3068 346 3129 puer
356 3061 385 3112 et
401 3051 512 3113 validus
523 3055 698 3130 praesumis,
711 3051 868 3129 mollitiem,
883 3070 935 3113 seu

168 3134 247 3196 Dura
257 3135 389 3195 valetudo
401 3136 532 3197 inciderit
541 3154 594 3197 scu
603 3136 682 3197 tarda
696 3133 851 3197 senectus?

168 3219 325 3279 Rancidum
334 3236 432 3297 aprum
443 3220 549 3298 antiqui
560 3219 724 3297 laudabunt,
738 3236 795 3281 uon
807 3222 873 3299 quia
883 3239 968 3281 nunus
1028 3232 1035 3239 “

169 3302 229 3362 lllls
240 3302 334 3362 nullus
345 3302 769 3385 crat,sed‚eredc,bacmeute‚
780 3302 857 3383 quod
867 3305 975 3383 hospes
1011 3308 1052 3367 90
1143 3324 1145 3327 ·
