2525 3942
196 243 257 306 1cs
578 240 798 305 snunnnuu
1040 249 1111 324 [sa.
1126 221 1182 323 η’
1224 210 1229 217 ’

278 393 321 455 'l'e
332 395 436 455 coniux
446 392 537 454 aliena
548 391 643 471 capit,
656 393 835 454 meretricula
845 394 969 454 Davum:

277 477 382 538 Peccat
392 485 455 537 uter
464 485 591 536 nostrum
603 493 689 536 cruce
701 475 833 553 dignius?
847 477 932 538 Acris
944 478 991 537 ubi
1001 496 1048 537 me

213 601 217 607 ·
277 560 382 621 Natura
392 558 521 636 intendit,
534 559 587 619 suh
599 557 674 618 clara
685 559 759 619 nuda
768 559 885 620 lucerna

279 642 473 721 Quaecunque
485 644 599 719 excepit
609 644 747 720 turgentis
758 644 879 704 verbera
891 642 998 703 caudae

216 732 257 793 50
278 725 415 789 Cluuihus
426 735 474 785 aut
484 727 601 804 agitavit
613 744 717 803 equum
730 724 837 788 lasciva
852 728 993 804 supinum,

276 810 397 869 Dimittit
407 826 502 888 neque
513 809 652 869 famosum
662 827 758 888 neque
769 809 940 888 sollicitum,
953 826 990 869 ue

276 892 370 952 Ditior
380 901 427 952 aut
437 891 545 952 formae
555 891 682 952 melioris
695 894 778 953 meiat
791 893 902 953 eodem.

277 975 320 1036 Tu
330 993 394 1042 cum
406 977 543 1056 proiectis
554 964 723 1053 insignibus,
736 976 838 1036 annulo
851 975 979 1056 equestri
1052 1033 1054 1047 ,

230 1128 233 1133 ,
276 1059 463 1139 Romanoque
474 1058 580 1134 habitu,
596 1057 694 1137 prodis
708 1076 745 1118 ex
754 1059 850 1119 iudice
860 1058 949 1121 Darna
1016 1114 1019 1119 ,

214 1148 255 1209 55
277 1140 390 1221 Turpis,
404 1142 551 1202 odoratum
563 1151 649 1219 caput
660 1141 830 1202 obscurante
842 1143 969 1204 lacerna:

276 1226 340 1287 Non
353 1245 385 1286 es
397 1225 475 1304 quod
486 1222 625 1285 simulas?
643 1223 773 1286 Metuens
785 1225 928 1285 induceris
942 1234 1026 1304 atque
1069 1239 1091 1309 J
1133 1274 1138 1290 s

274 1309 438 1371 Altercaute
452 1307 615 1371 lihidinibus
626 1310 724 1368 tremis
731 1326 804 1369 ossa
819 1326 949 1387 pavore·
1078 1316 1084 1325 ‘

276 1392 351 1465 Quid
361 1393 468 1469 refert,
481 1393 535 1468 uri,
547 1393 638 1469 virgis
650 1391 785 1470 ferroque
800 1394 896 1453 necari

274 1475 446 1536 Auctoratus
461 1493 522 1551 eas,
540 1492 574 1534 au
586 1476 662 1554 turpi
675 1475 788 1535 clausus
800 1478 915 1552 inance,

208 1563 255 1625 60
276 1558 341 1632 Quo
353 1568 382 1620 te
392 1558 506 1619 demisit
517 1560 630 1638 pcccati
643 1562 758 1619 conscia
772 1560 880 1635 herilis,

276 1641 457 1704 Contractum
471 1642 592 1720 genibus
604 1650 704 1720 tangas
716 1640 823 1721 caput?
838 1642 927 1703 Estne
938 1646 1037 1704 marito

169 1751 179 1758 ·
274 1724 419 1787 Manciae
431 1726 576 1803 peccantis
587 1727 616 1785 in
627 1726 710 1786 ambo
722 1728 795 1786 iusta
806 1736 945 1805 potestas,

273 1808 307 1869 in
323 1817 520 1887 corruptorem
533 1808 582 1868 vel
595 1806 716 1870 iustior?
736 1808 788 1870 Illa
799 1818 892 1870 tamen
903 1829 936 1871 se

274 1892 338 1954 Non
351 1892 447 1953 habitu
457 1899 581 1951 mutatve
593 1892 831 1971 loco‚peccatvc
844 1911 978 1970 superne.
1019 1942 1024 1951 „
1075 1938 1080 1948 ,
1114 1950 1116 1963 q

211 1979 251 2042 65
274 1974 346 2037 Gum
357 1986 387 2036 te
398 1976 532 2036 formidet
542 1975 643 2035 mulier
654 1993 747 2055 neque
760 1975 857 2035 credat
868 1978 980 2051 amanti,

273 2054 331 2119 Ibis
343 2058 396 2119 sub
408 2059 516 2120 turcam
528 2057 670 2139 prudens,
687 2059 859 2139 dominoque
872 2060 976 2119 iurenti
995 2098 1000 2107 ·

273 2141 439 2217 (iomannes
456 2160 516 2202 rem
529 2158 641 2202 omnem
653 2150 681 2200 et
691 2144 777 2202 vitam
792 2152 821 2202 et
833 2160 896 2202 cnm
908 2159 1031 2222 corpore
1049 2144 1160 2204 ianuam.

263 2223 383 2284 invasu:
396 2224 500 2300 credo,
514 2233 624 2283 metues
639 2223 800 2302 doctusque
812 2226 943 2296 carehim

272 2306 418 2384 Quaeres,
432 2307 544 2385 quando
556 2309 658 2367 iterum
673 2324 779 2385 paveas
792 2310 950 2387 iterumque
965 2310 1059 2388 perire
1102 2330 1111 2336 ¹

209 2396 252 2457 70
269 2390 385 2468 Possis,
400 2393 514 2450 otcties
525 2389 640 2451 servus!
663 2390 744 2463 Quae
756 2391 860 2469 bellua,
873 2395 972 2471 ruptis·

215 2496 219 2502 ’
271 2473 342 2536 Cum
356 2473 447 2534 semel
459 2474 574 2554 effugit,
591 2475 685 2535 reddit
696 2494 729 2535 se
741 2492 828 2553 prava
841 2473 971 2536 catenis?

270 2557 360 2637 „Non
377 2576 439 2619 sum
459 2552 622 2620 ui'dechus“
643 2562 695 2621 ais.
725 2559 827 2638 Neque
847 2577 920 2638 ego,
943 2558 1077 2637 hercule,
1100 2558 1156 2636 tur,

254 2696 258 2701 ,
700 2644 827 2703 uhiuasa

269 2723 422 2787 Praetereo
438 2729 552 2805 sapiens
568 2736 713 2807 argentea.
740 2725 822 2786 Tolle
836 2726 984 2804 periclum,
1126 2740 1137 2764 ⁸

269 2807 328 2870 lam
338 2828 411 2890 vaga
426 2811 558 2888 prosiliet
568 2811 656 2871 irenis
668 2819 765 2870 natura
776 2810 903 2869 remotis.

206 2897 248 2959 ts
270 2890 349 2954 Tune
362 2894 430 2954 mihi
445 2894 591 2970 dominns,
608 2908 702 2953 rerum
714 2892 841 2967 imperiis
851 2890 1051 2967 hominumque

269 2974 324 3037 Tot
337 2979 479 3056 tantisque
490 2981 595 3050 minor,
612 2991 697 3053 quern
707 2982 752 3033 ter
762 2971 885 3032 vindicta
897 2979 1054 3051 quaterque

268 3057 406 3137 Imposita
417 3058 490 3119 haud
502 3074 624 3136 unquam
635 3058 740 3116 misera
750 3054 900 3116 formidine
911 3053 1025 3134 privet?

267 3142 349 3202 Adde
361 3158 464 3219 super,
478 3141 561 3200 dictis
577 3137 655 3216 quod
670 3155 729 3199 uon
739 3138 831 3198 leuius
842 3138 949 3200 valeat:
963 3157 1037 3216 narn,

268 3225 336 3284 Sive
351 3225 474 3283 mcarius
490 3231 553 3300 est,
569 3223 617 3300 qui
634 3239 719 3283 seruo
733 3230 814 3303 paret
825 3255 837 3268 ·
848 3226 888 3283 uti
899 3240 962 3283 mos

205 3312 248 3373 80
266 3305 370 3366 Vester
380 3307 419 3366 ait
429 3338 440 3351 ·
452 3324 505 3367 seu
517 3323 691 3376 conservum
703 3308 753 3368 tibi
767 3306 835 3385 quid
850 3325 912 3367 surn
923 3303 1001 3385 ego?
1021 3303 1133 3383 Nempe
