2525 3942
111 238 117 243 ·
177 222 245 285 aco
344 265 347 275 ,
437 279 441 282 Α
571 216 790 280 sennanim
935 223 1055 298 [pso.
1069 223 1150 299 ιιι]

263 363 426 434 ller.llude
437 365 505 429 ririhi
515 366 750 447 lapidemillco.
758 357 900 442 Quorsum
912 379 956 430 est
968 367 1149 448 opusiller.
1246 416 1254 429 .

665 452 770 513 Unde
782 450 919 530 sagittas?
1196 519 1198 522 ,

260 536 342 599 Deo.
362 535 423 596 Aut
444 536 547 595 insanit
566 535 653 595 homo
669 545 717 596 aut
734 553 835 595 versus
858 536 934 596 iacit.
945 531 1048 638 Lei·
1059 534 1173 597 Ocius.

261 701 299 763 Νι
309 703 403 782 raprs
417 701 540 761 accedes
552 717 640 779 opera
652 618 936 785 ιιιιοὴιιιηοοιιιιιθειιιιιρ1

502 1094 690 1150 suumn
708 1052 815 1167 vrrs.

65 1272 70 1282 ¹
172 1227 174 1232 ¹
257 1201 364 1265 Horat.
376 1203 414 1263 Ut
424 1202 571 1263 Nasidieni
582 1204 653 1263 invit
667 1211 696 1263 te
709 1219 798 1262 coena
811 1200 908 1262 beati?

257 1284 328 1346 llam
337 1285 405 1344 mihi
416 1288 563 1364 quaerenti
575 1288 724 1347 convivam
739 1276 831 1346 dictus
842 1286 912 1346 here
924 1285 983 1347 illic
1046 1352 1048 1359 ¹

256 1368 301 1428 lle
315 1367 410 1428 medio
429 1376 529 1450 potare
545 1368 602 1429 die.
625 1368 770 1431 Fundere.
786 1370 853 1446 Sic,
872 1370 1129 1449 uturihinuuquaru

256 1450 289 1511 lu
298 1453 356 1511 vita
366 1451 452 1511 luerit
460 1447 572 1514 melius.
595 1452 669 1515 llor
681 1450 782 1527 Dic,s1
795 1470 884 1531 grave
895 1469 952 1513 uon
964 1462 1017 1530 est,

214 1535 233 1596 5
256 1534 338 1608 Quae
349 1536 439 1612 prima
453 1536 553 1595 iratum
562 1544 690 1607 ventrem
697 1536 859 1615 placaverit
872 1554 949 1597 esca.

139 1627 142 1636 '
255 1616 355 1679 Fund.
371 1616 512 1697 lnprrmrs
522 1617 651 1679 lucanus
663 1637 761 1698 aper
762 1620 820 1689 leni
835 1620 888 1680 ιιιιι
900 1619 1005 1680 Αιιιιιο
1166 1676 1175 1689 ,
1256 1636 1262 1827 p

227 1699 381 1780 „Gaptus
394 1711 425 1761 ut
435 1702 530 1763 arebat
540 1719 650 1762 coenae
662 1712 756 1781 pater
768 1722 843 1764 acria
854 1721 960 1763 curcum

208 1782 381 1862 ·,liapnla
397 1784 526 1846 lactucae
528 1786 673 1863 ,radices,
686 1786 781 1866 qualia
791 1787 897 1847 lassum

122 1922 128 1931 ,
254 1864 418 1928 Pervellunt
431 1870 623 1945 stomachum,
637 1872 722 1946 siser,
734 1870 833 1945 halec,
850 1869 961 1929 aecula
973 1868 1042 1929 Coa
1094 1912 1100 1939 ,

192 1954 234 2016 10
254 1948 306 2009 llis
319 1950 366 2010 ubi
378 1952 496 2012 sublatis
508 1970 586 2030 puer
593 1913 651 2013 alte
663 1954 773 2012 cinctus
787 1970 917 2011 acernam

256 2030 388 2113 Gausapa
400 2052 545 2114 purpureo
556 2054 681 2095 mensam
693 2036 842 2112 pertersit,
860 2043 889 2094 et
906 2034 977 2094 alter
1026 2090 1030 2094 .

255 2116 388 2196 Sublegit
399 2118 590 2197 quodcunque
603 2119 712 2177 iaceret
723 2116 821 2176 inutile
833 2118 968 2216 quodque

131 2198 134 2203 ’
253 2197 357 2260 Posset
374 2208 527 2261 coenantes
539 2199 701 2268 offendere;
715 2208 746 2258 ut
755 2199 850 2259 Attica
863 2202 946 2276 virgo

142 2357 146 2362 1
256 2280 326 2343 Cum
338 2284 428 2342 sacris
441 2281 556 2341 Cereris
569 2281 701 2359 procedit
716 2281 814 2342 fuscus
825 2281 985 2358 Hydaspes,

190 2367 232 2429 15
255 2363 388 2425 Caecuba
398 2366 464 2424 vina
475 2363 581 2440 ferens,
593 2364 686 2426 Alcon
697 2362 797 2425 Chium
808 2366 892 2425 maris
905 2381 1019 2442 expers.

253 2447 308 2507 llic
318 2447 417 2507 herus
429 2445 602 2523 „Allsanum,
613 2446 778 2525 Maecenas,
791 2450 853 2509 sive
864 2448 1012 2509 Falernum

254 2527 319 2607 „l'e
330 2529 420 2607 magis
430 2532 570 2608 appositis
582 2530 720 2591 delectat:
731 2531 867 2593 habemus
879 2539 1037 2609 utrumqne.
1041 2535 1062 2568 “

252 2574 327 2674 ’tto
338 2611 459 2674 Divitias
470 2614 604 2675 miseras!
619 2613 702 2675 Sed
687 2617 753 2694 quis
765 2616 950 2676 coenantibus
962 2634 1026 2697 una,
1154 2645 1158 2653 «

109 2758 112 2766 ,
252 2695 378 2757 Fundani
387 2697 528 2791 ,pulchre
542 2698 707 2775 luerittibi‚
723 2699 935 2759 nosselaltoro

71 2850 77 2861 ,
190 2785 233 2846 20
253 2779 354 2841 Fund.
378 2773 509 2841 Summus
528 2799 584 2860 epo
608 2790 637 2841 et
658 2798 750 2860 prope
767 2800 814 2843 me
832 2782 936 2843 Viscus
955 2780 1092 2841 Thurinus
1109 2790 1138 2841 et

673 2865 755 2940 inira,
959 2896 962 2903 .
1084 2898 1091 2907 ·

54 3018 62 3025 ³
253 2947 284 3005 Sr
294 2965 408 3006 memrur
413 2946 554 3023 ,Varius,
569 2964 633 3007 cum
644 2946 767 3006 Servrlro
778 2946 929 3007 Balatrone

121 3083 126 3092 ,,
211 3031 215 3036 “
252 3028 397 3105 Vibidius,
413 3045 487 3107 quos
500 3027 653 3088 Maecenas
665 3026 818 3089 adduxerat
828 3030 960 3090 umbras·
985 3041 989 3045 “

134 3153 136 3164 .
251 3110 444 3170 Nomentanus
455 3118 515 3170 erat
529 3127 616 3188 super
625 3112 735 3188 ipsum,
751 3111 869 3172 l’orcins
879 3112 962 3191 infra,

251 3191 399 3251 Ridiculus
410 3201 484 3253 totas
496 3192 577 3256 simul
591 3191 748 3255 absorbere
760 3195 915 3273 placentas.
1037 3195 1044 3205 '
1141 3266 1145 3273 ,

180 3276 229 3339 ’25
252 3274 443 3337 Nomentanus
455 3276 491 3337 ad
504 3277 575 3356 hoc,
591 3280 656 3358 qui,
678 3278 703 3337 si
718 3278 871 3358 quidiorte
882 3278 993 3355 lateret,
1137 3277 1141 3287 '
