2525 3942
199 190 259 254 aaa
513 195 519 205 ·
611 188 767 251 uuonan
1027 163 1162 270 [caba]

320 342 423 402 Virens
434 342 464 400 in
474 341 565 401 Aetna
576 342 700 410 flamma,
720 350 767 418 tu,
785 341 877 402 donee
890 343 961 401 cinis

321 424 469 485 iniuriosis
481 424 575 484 aridus
585 427 677 484 ventis
692 423 778 500 ferar,

196 510 237 570 35
301 506 663 569 'Galesvenenisoiiieina
676 505 831 568 Colchicis.
1015 578 1019 582 .

268 618 274 624 ·
322 591 405 665 Quae
418 591 481 651 bnis
492 600 540 651 aut
557 590 635 670 quod
646 587 1000 669 memanetxstipencliumi

320 674 431 751 llllare,
443 676 538 735 iussas
550 693 614 735 eum
626 673 681 734 lide
692 683 800 753 poenas
811 674 896 752 luam,

318 756 434 819 Paratus
449 759 582 836 expiare,
599 775 651 818 seu
666 759 835 837 poposceris
896 828 900 831 ,

320 840 440 902 (lentum
450 843 604 917 iuvencos,
621 843 683 903 siue
694 840 823 901 mendaci
836 841 898 918 lyra

320 923 411 986 Voles
423 927 532 986 sonan:
551 923 619 1001 „lu
627 927 761 1001 pudiea,
777 934 807 984 tu
814 925 916 1002 probe

319 1006 554 1085 „Perambulabis
568 1016 643 1067 astra
654 1006 732 1066 sidus
742 1009 893 1068 aureum.“

319 1090 433 1151 lniamis
446 1089 573 1158 Helenae
585 1087 688 1150 Castor
698 1090 824 1152 offensus
835 1091 900 1150 vice
983 1091 988 1096 ’

318 1173 475 1252 Fraterqne
486 1175 579 1251 magni
591 1171 735 1248 Castoris,
748 1175 816 1233 victi
828 1191 926 1252 prece,

318 1255 439 1317 ademta
448 1257 506 1316 vati
515 1255 667 1316 reddidere
678 1246 795 1316 lumina‘:

317 1338 355 1400 llt
365 1348 395 1399 tu
407 1371 419 1384 ·
433 1348 516 1418 potes
530 1357 594 1400 nam
605 1371 617 1384 ·
627 1338 711 1398 solve
722 1358 768 1399 me
779 1338 929 1416 dementia,

315 1421 405 1482 Onec
416 1423 541 1500 paternis
554 1421 685 1482 obsoleta
696 1421 839 1500 sordibus,

313 1505 416 1584 Neque
427 1508 456 1565 in
473 1504 615 1584 sepulcris
627 1523 782 1584 pauperum
798 1505 922 1585 prudens
936 1524 1005 1568 anus

316 1587 510 1649 Nouendiales
521 1588 662 1667 dissipare
674 1588 821 1667 pulveres!

315 1669 378 1732 libi
389 1672 531 1751 hospitale
542 1680 645 1752 pectus
657 1681 686 1732 et
695 1689 784 1754 purae
795 1692 903 1751 manus,

315 1753 561 1834 'l'uusqueventer
570 1755 767 1836 caesariatus,
783 1765 812 1817 ct
821 1765 869 1817 tuo

292 1905 299 1923 ι
315 1836 425 1899 cruore
435 1840 538 1900 rubros
550 1841 689 1902 obstetrix
706 1857 813 1918 pannos
825 1840 902 1916 lavit,

312 1921 464 2002 Utcunque
474 1923 559 1985 fortis
571 1923 669 1985 exsilis
682 1940 832 2002 puerpera.

454 2071 632 2116 canuntur:
652 2069 886 2114 RESPONSUM.

313 2184 389 2258 Quid
400 2187 541 2246 obseratis
551 2187 666 2248 auribus
677 2187 771 2248 funalis
783 2187 907 2266 precati

311 2267 376 2328 Non
389 2274 457 2346 s'axa
466 2267 548 2329 nadis
562 2269 693 2330 surdiora
706 2273 808 2332 nautis

311 2351 459 2428 Neptunus
470 2350 528 2411 alto
543 2351 633 2413 tundit
646 2353 781 2414 hibernus
794 2355 865 2416 salo.

310 2431 418 2492 Innitus
429 2442 460 2492 ut
468 2442 499 2493 tn
510 2435 608 2495 riseris
621 2435 747 2512 Ootpttia

309 2515 447 2592 Vulgata,
464 2535 574 2578 sacrm
584 2517 668 2580 liberi
679 2518 837 2600 Cupidinis,
943 2517 948 2522 “

307 2597 344 2657 Et
354 2598 494 2678 Esquilini
506 2602 635 2678 pontilex
648 2606 770 2666 venelici

306 2679 425 2760 impune
435 2691 466 2743 ut
475 2683 580 2752 llrbern
590 2689 705 2748 nornine
715 2690 843 2768 impleris
853 2687 940 2750 maol

308 2763 383 2838 Quid
396 2766 529 2845 proderat
541 2769 648 2832 ditasse
659 2770 790 2849 Pelignus
802 2791 882 2850 anus,
937 2805 940 2812 ·

304 2848 479 2912 blelociusve
492 2853 643 2913 miscuisse
654 2853 801 2914 toxicum?
864 2887 866 2890 ·

304 2930 363 2991 Sed
377 2933 500 2993 tardiora
510 2934 566 2994 fata
576 2943 605 2994 te
616 2938 691 2996 rotis
701 2945 826 3006 manant;

303 3013 416 3091 ingrata
427 3016 533 3074 misero
546 3019 604 3077 rita
620 3017 749 3082 lucenda
761 3023 845 3082 estin
857 3022 924 3101 boc,

302 3095 392 3156 Neris
405 3104 538 3175 utusque
554 3110 690 3178 suppetas
701 3102 856 3176 laboribus.
938 3158 941 3166 .

303 3177 388 3254 Optat
398 3181 525 3258 quietem
535 3181 651 3262 Pelopis
663 3187 740 3248 inlidi
755 3199 848 3268 pater3

300 3259 397 3336 Egens
413 3262 553 3342 benignae
564 3266 696 3332 Tantalus
707 3291 822 3353 semper
833 3273 924 3352 dapis,
