2525 3942
543 231 774 341 xcataoltnttnt
869 275 872 279 .
987 199 1141 306 [oasa]
1255 309 1256 318 Ν

327 402 391 464 lino
400 399 465 459 vina
478 402 506 457 et
516 401 659 473 unguenta
673 398 701 450 et
711 387 825 448 nimium
835 381 940 444 breves
959 440 963 445 ,
994 400 997 404 ·

248 483 255 498 “
327 485 430 549 Flores
442 497 579 560 amoenae
589 477 666 537 ferre
679 471 746 533 iube
758 483 854 542 rosae,
1096 466 1100 474 “

377 568 457 629 -Dum
470 582 518 625 res
535 571 564 622 et
577 570 658 621 aetas
670 565 699 617 et
711 569 841 616 sororum
920 544 926 559 '

267 686 271 693 ¹
364 704 367 713 .
382 729 387 737 Ι
432 649 494 711 Fila
507 649 590 707 triam
602 645 744 723 patiuntur
757 647 827 698 atra.

329 785 424 849 Gedes
439 781 560 842 oodmtis
576 779 736 852 saltibnsot
749 773 833 832 domo
859 847 861 852 ,
1041 816 1048 828 ,

327 865 670 946 Villaqne‚flavusquam
682 853 884 929 Tiberislavit‚
981 885 986 892 a

384 950 480 1013 Gedes
497 957 526 1007 et
542 945 696 1007 exstructis
710 945 738 1002 in
756 939 842 1001 altum
969 931 970 936 ’
1048 931 1052 941 ’

181 1047 224 1108 20
329 1055 335 1061 ·
381 1043 387 1048 ’
435 1032 551 1092 llivitlis
566 1030 692 1107 potietur
702 1026 798 1085 heres.

233 1178 237 1182 '
331 1170 460 1230 Divesne
472 1165 568 1242 priseo
580 1171 661 1222 natus
674 1159 708 1218 ab
723 1155 841 1229 Inacho,

331 1252 377 1314 Nil
391 1253 520 1322 interest,
536 1265 571 1305 an
583 1249 733 1322 pauperet
747 1239 840 1298 intima

382 1333 428 1394 De
442 1339 529 1410 gente
542 1329 594 1388 sub
610 1328 676 1386 divo
688 1324 819 1397 moreris,

437 1415 558 1481 Victima
567 1412 606 1471 nil
618 1403 861 1470 miserantis'Oroi.

183 1555 224 1621 25
336 1550 442 1624 Omnes
457 1548 562 1628 eodem
572 1545 712 1623 cogimur,
727 1541 849 1601 omnium
920 1577 924 1587 .

334 1635 472 1697 Versatur
482 1649 552 1692 uma
562 1630 656 1690 serias
670 1629 752 1687 ocius
774 1661 783 1668 -
810 1683 816 1695 ,

386 1719 457 1779 Sors
470 1717 579 1777 exitura
592 1721 621 1773 et
633 1727 687 1771 nos
699 1712 728 1769 in
742 1711 888 1769 aeternum

394 1851 397 1857 .
438 1799 577 1862 Exsilium
591 1796 758 1874 impositura
770 1789 900 1866 cymbae.

359 2308 403 2369 lle
415 2307 452 2367 sit
463 2304 582 2367 ancillae
594 2301 645 2361 tihi
658 2293 737 2358 arnor
751 2293 864 2373 pudori,

283 2423 288 2430 ¹
352 2391 479 2459 Xanthia
494 2381 623 2465 Phoaenl
641 2380 722 2441 Prius
739 2376 908 2438 insolentem
955 2421 961 2436 ,

360 2473 449 2534 Serva
460 2469 567 2530 Briseis
578 2469 664 2527 niveo
679 2463 779 2524 colore

430 2550 683 2618 llovitthillem3

358 2687 448 2748 Movit
458 2686 575 2767 Aiacem
586 2683 740 2744 Telamone
753 2687 848 2738 natum
895 2687 897 2694 ’

360 2772 462 2833 Forma
473 2771 603 2847 captivae
617 2767 759 2827 dominnm
773 2761 962 2826 Tecmessam
992 2807 1001 2814 .

361 2848 440 2918 A'rsit
449 2853 564 2913 Atrides
574 2849 670 2910 medio
682 2850 710 2909 in
721 2845 862 2921 triumpho

313 2957 317 2962 ·
435 2937 554 3016 Virgine
564 2933 655 3010 rapta,

360 3041 500 3124 Barbarae
515 3065 666 3136 postquam
677 3050 812 3116 cedidere
829 3059 936 3110 tonnae
991 3100 997 3107 .

363 3142 502 3205 Thessalo
520 3127 630 3201 victore
646 3147 675 3198 et
685 3137 814 3198 ademtus
824 3131 933 3195 lleotor

361 3226 486 3288 Tradidit
499 3226 586 3286 fessis
599 3222 708 3282 leviora
724 3218 785 3280 tolli

364 3370 367 3383 ,
433 3309 569 3387 Pergama
583 3306 684 3368 Graiis.
791 3362 797 3366 ,
