2525 3942
112 197 213 273 [aput.
228 191 306 268 ee]
417 215 442 277 '.
484 174 495 189 ‘
529 188 642 249 claua
652 187 675 249 1.

110 342 150 402 Ut
159 338 256 401 valeti
270 350 302 400 ut
312 342 437 399 meminit
450 337 561 401 nostrii
579 340 734 401 Fidibusno
744 339 848 401 Latinis

112 414 263 485 'l‘bebanos
276 431 374 501 aptare
385 423 486 483 modos
499 423 595 483 studet
603 426 722 501 auspice
732 422 825 508 ¹illusa,

111 508 155 567 An
167 509 275 585 tragica
286 506 415 565 desaevit
425 515 454 565 et
468 506 638 584 ampullatur
652 503 774 567 inerte?

50 654 54 664 ,
113 590 188 664 Quid
199 592 266 650 mibi
285 589 389 649 Celsus
402 592 478 667 agit,
501 592 632 671 monitus
642 586 817 669 multumque
831 588 998 667 monendus,
1043 588 1084 653 15
1167 630 1176 646 .

110 673 237 733 Privatae
248 682 280 733 ut
291 681 408 751 quaerat
420 689 493 750 opes
506 682 535 732 et
545 683 663 752 tangere
674 676 744 733 vitet
1046 696 1049 699 ¹

111 758 240 834 Scripta',
260 755 402 816 Palatinus
418 774 605 835 quaecunque
617 759 730 835 recepit
744 754 863 835 Apollo,

110 840 172 916 Ne,
197 840 548 918 siiortesuaerepetitum
561 840 751 901 veneritolim
816 889 819 899 .

66 949 76 959 ·
111 922 430 1000 Grexaviumplumas‚
453 933 566 984 moveat
578 924 722 984 cornicula
733 926 820 983 risum

109 1005 233 1065 Furtivis
245 1005 345 1065 nudata
358 1005 527 1066 coloribus?
546 1006 614 1084 lpse
626 1006 693 1086 quid
704 1000 816 1067 audes?
1043 1006 1098 1067 20·

76 1167 80 1171 .
111 1089 192 1162 Quae
204 1089 414 1149 circumvolitas
426 1090 509 1168 agilis
522 1086 638 1167 thyma?
659 1090 724 1155 Nou
735 1090 785 1150 tibi
801 1107 916 1168 parrum
942 1102 954 1111 “

41 1172 46 1177 ’
109 1171 273 1250 Ingenium,
294 1190 349 1232 non
365 1173 499 1232 incultum
512 1182 557 1232 est
568 1182 598 1232 et
609 1176 730 1252 turpiter
746 1175 862 1233 hirtum:
925 1189 928 1194 ’

110 1256 169 1315 Seu
180 1256 303 1333 linguam
317 1254 410 1316 causis
422 1258 501 1317 acuis
513 1274 564 1315 seu
581 1259 673 1318 civica
684 1259 744 1318 iura

109 1338 299 1416 Respondete
311 1356 393 1416 paras
404 1357 456 1399 seu
468 1340 567 1399 condis
580 1340 701 1401 amabile
715 1360 838 1416 carmen,

110 1420 201 1481 Prima
215 1422 293 1483 ieres
304 1420 428 1481 hederae
438 1421 564 1481 victricis
577 1426 710 1500 praemia.
756 1422 867 1497 Quodsi
1041 1420 1082 1481 25

109 1503 225 1581 Frigida
236 1521 364 1563 curarum
377 1504 501 1563 lomenia
512 1506 676 1583 relinquere
688 1522 811 1584 posses:
943 1509 946 1513 ’

80 1585 515 1664 'Quoteceelestissapientia
529 1587 662 1664 duceret,
687 1592 755 1649 ires.
974 1662 979 1667 .

110 1670 175 1730 lloc
190 1688 279 1748 opus,
304 1668 361 1732 boc
372 1670 492 1731 studium
505 1673 585 1748 parvi
597 1689 784 1750 properemus
797 1680 825 1732 et
836 1670 932 1749 ampli,
1012 1678 1014 1682 “

1 1758 9 1772 “
110 1755 142 1813 Si
156 1756 263 1832 patriae
275 1752 422 1830 volumus,
439 1756 463 1812 ei
475 1755 557 1814 nobis
569 1756 667 1815 vivere
681 1758 748 1817 cari.

109 1837 210 1898 Debes
221 1838 278 1897 boe
291 1838 375 1897 etiam
385 1838 557 1913 rescribere,
575 1840 613 1899 sit
623 1840 674 1900 tibi
687 1856 784 1915 curae,
1024 1885 1025 1893 η
1040 1841 1082 1903 30

111 1921 242 1994 Quantae
256 1922 422 1998 conveniat,
441 1919 591 1982 llunatius.
614 1922 658 1982 An
671 1916 829 1983 malesarta

110 2002 204 2065 Gratia
217 2002 407 2083 nequidquam
420 2007 479 2064 coit
490 2015 519 2065 et
529 2004 719 2066 rescinditur?
732 2015 769 2053 ‘-
786 2006 825 2066 At
836 2023 889 2067 vos
974 2062 984 2069 .

110 2087 169 2147 Seu
184 2086 292 2148 calidus
306 2089 422 2165 sanguis
435 2107 488 2149 seu
498 2108 592 2149 rerum
607 2092 718 2151 inscitia
729 2098 813 2151 vexat

109 2169 247 2231 Indomita
264 2174 379 2231 cervice
391 2172 486 2254 ieros,
511 2173 812 2253 ubicunquelocorum

57 2264 67 2272 ·
110 2254 226 2333 Vivitis,
249 2254 355 2334 indigni
367 2254 520 2316 fraternum
530 2276 663 2335 rumpere
675 2258 788 2336 foedus,

60 2376 63 2380 >
109 2336 235 2399 Pascitur
244 2340 273 2399 in
281 2347 407 2399 vestrum
418 2340 539 2400 reditum
549 2344 645 2402 votive
661 2345 790 2403 iuvenca.

518 2505 684 2515 *-

432 2619 758 2675 munsnounrv.
958 2695 965 2709 Ι

177 2729 197 2740 ·-
237 2718 300 2777 ao
335 2717 563 2808 aelurum
599 2720 916 2775 erroneum.

110 2836 190 2913 Albi,
206 2817 368 2897 nosdofum
379 2856 539 2899 sermonum
551 2838 670 2899 candide
681 2838 778 2915 iudex,

110 2918 185 2993 Quid
199 2938 273 2979 nunc
284 2929 313 2980 te
328 2920 419 2981 dicam
431 2922 527 2982 iacere
538 2925 567 2982 in
578 2924 697 3000 regione
709 2922 834 2983 Pedana:

108 3004 241 3063 Scribere
253 3004 330 3081 quod
342 3000 423 3065 Cassi
435 3004 592 3066 Parmensis
605 3006 743 3091 opuscula
755 3008 859 3084 vincet,

107 3087 150 3147 An
163 3089 278 3147 tacitum
289 3086 375 3149 silvas
387 3090 459 3149 inter
468 3099 589 3167 reptare*
599 3090 745 3167 salubres,

108 3169 259 3231 (iurantem
270 3169 406 3250 quidquid
417 3170 531 3251 dignum
542 3176 670 3252 sapiente
681 3174 816 3253 bonoque
827 3172 892 3235 esti
1034 3176 1054 3242 ⁵

106 3253 170 3314 lion
181 3262 210 3313 tu
222 3270 328 3333 corpus
339 3273 401 3316 eras
415 3257 477 3316 siue
489 3266 617 3334 pectore.
640 3256 677 3317 Di
688 3258 738 3318 tibi
750 3256 878 3335 formam,

150 3343 308 3393 nonarius,
893 3341 926 3395 14
