2525 3942
423 237 457 296 q,
480 213 628 284 nonnam
651 235 786 285 rancor.
829 229 834 254 ’
1013 239 1103 286 xm

109 399 175 458 odia
192 403 222 452 et
242 394 401 452 inimicitias
417 395 581 450 incurreret.
627 394 759 451 lloratius
774 395 884 467 potius,
907 402 937 451 ut
953 383 1102 454 rectario·
1164 445 1173 456 ,

110 486 168 540 cuit
182 481 330 536 Kircbner.
355 478 512 544 inlluaest.
532 477 640 535 lloratt.
658 495 686 550 p.
712 481 746 537 16
761 495 864 550 seqq,
881 496 1044 553 comparans
1069 497 1101 537 se

109 567 197 640 Epist.
217 565 253 633 ll,
269 569 296 633 2,
308 567 421 622 uti-40
435 562 540 618 Luculli
558 562 655 632 militi,
673 561 736 634 qui,
752 563 864 618 viaticis
881 565 915 621 ad
931 581 1021 621 assem
1036 581 1100 637 per-

109 645 201 710 titis*
211 641 277 721 post
291 649 344 703 boc
359 648 508 703 vehemens
524 647 620 718 lupus,
644 651 672 701 et
686 645 742 702 sibi
758 653 787 702 et
800 647 874 702 busti
890 648 979 705 Iratus
995 649 1102 721 pariter

59 791 65 809 ¹
108 733 212 790 iciunis
234 731 369 799 den-tibus
386 747 468 800 acer,
491 730 664 796 Praesidium
683 732 781 801 regale
803 731 868 788 loco
889 732 1010 788 deiecit’
1035 740 1101 803 etc,

109 835 140 874 se
156 817 224 873 olim
240 831 256 870 e
271 815 347 871 ballo
363 830 505 870 reversum
523 814 619 870 eedem
635 815 671 870 ob
687 829 746 870 rein
762 815 898 888 perditam
914 817 1008 886 rabie,
1031 833 1102 888 quae

109 901 224 958 militem
244 899 321 956 illum
338 898 367 954 in
382 900 479 955 hostes
500 898 636 954 furiosum
653 899 760 969 egerit,
785 900 820 955 ud
835 916 934 955 uersus
956 900 1101 957 iaciendos

110 1001 216 1056 eosque
237 983 296 1039 sale
318 981 399 1053 nigro
421 983 549 1038 conditos
571 983 781 1055 acerrimaeque
801 983 941 1039 libertatis
961 985 1102 1040 iu‘unum-

109 1083 246 1142 quemque
258 1067 319 1122 sine
335 1065 496 1122 discrimine
511 1066 626 1138 plenos,
644 1072 674 1121 ut
688 1067 733 1122 oui
748 1067 802 1123 iam
819 1067 888 1123 nihil
900 1068 1021 1140 amplius
1036 1086 1102 1141 per-

108 1153 230 1210 dendum
247 1149 370 1221 nihilque
394 1151 508 1208 idcirco,
524 1151 699 1206 metuendum
722 1151 821 1220 luerit,
844 1153 1014 1224 compulsum
1037 1170 1101 1208 esse

108 1237 167 1292 illis
194 1233 289 1290 verbis
317 1234 417 1292 latetur
443 1234 580 1304 simulque
601 1234 792 1317 nos'qdooet,
821 1252 876 1306 quo
902 1253 987 1292 sensu
1007 1237 1100 1309 ,prima

107 1320 199 1393 ipsius
217 1313 350 1391 opuscula
374 1319 472 1388 legere
493 1323 521 1373 et
542 1318 720 1390 interpretari
743 1319 902 1376 debeamus.
953 1320 1101 1378 Praeterea

108 1410 192 1476 po'e'ta
215 1403 265 1458 illo
282 1403 371 1472 loeta,¹
391 1418 445 1472 quo
466 1401 772 1483 pigritiampcribendi
794 1420 870 1458 suam
891 1411 1007 1460 excusat
1028 1405 1101 1476 apud

28 1529 32 1538 s
107 1489 237 1557 Florum,
259 1497 310 1558 per
338 1487 429 1542 iocum
456 1486 561 1557 magis,
591 1501 672 1558 quam
698 1502 734 1541 ex
760 1487 843 1542 animi
870 1488 1007 1547 sententia
1029 1488 1101 1543 scri-

107 1573 201 1644 psisse
217 1571 372 1627 censendus
389 1575 440 1625 est.
485 1569 550 1625 Nem
563 1570 587 1624 si
607 1585 787 1640 quaeramus,
804 1588 839 1626 ex
855 1587 909 1642 quo
926 1573 1003 1628 lente
1024 1571 1102 1627 rivus

106 1656 156 1712 ille
171 1654 241 1711 salis
257 1659 286 1708 et
301 1655 462 1711 facetiarum
474 1670 525 1726 per
536 1653 644 1709 Horatii
659 1654 760 1710 satiras
776 1659 805 1708 et
819 1656 926 1726 epodos
940 1652 1101 1724 defluxerit,

106 1740 190 1794 buius
207 1738 250 1796 rei
272 1753 382 1794 causam
409 1738 581 1810 reperiemus
608 1736 714 1807 ingenii
742 1753 855 1793 acumen
882 1744 910 1792 et
934 1739 1101 1794 hilaritatem

107 1823 229 1894 aliquam
250 1822 317 1877 eius.
333 1821 422 1877 animo
445 1822 580 1891 innatam,
607 1837 680 1892 quae
701 1820 884 1890 educatione,
910 1839 963 1892 qua
984 1839 999 1876 a
1022 1827 1102 1892 patre

107 1907 250 1962 institutus
272 1911 330 1974 est,
350 1911 388 1968 ,et
409 1905 565 1973 bominum,
597 1905 698 1976 quibus
725 1905 870 1973 utebatur,
899 1905 1102 1960 cousuetudine

107 1990 211 2046 nutrita
223 1989 261 2044 ,in
284 1988 413 2045 scativam
438 1988 514 2044 illam
539 1989 648 2044 abierat
673 1988 860 2061 petulantiam.
912 1987 993 2043 Pater
1019 1989 1102 2058 enim,

107 2074 154 2145 qui
171 2073 437 2144 puerumexemplis
459 2072 493 2127 de
508 2087 644 2143 perversa
666 2073 804 2129 bominum
825 2071 887 2128 vita.
904 2071 1034 2142 allegatis
1058 2071 1102 2127 in-

13 2195 15 2206 t
106 2156 260 2224 stituebat,
276 2169 337 2211 eum
354 2157 493 2210 bominum
508 2156 576 2212 vitia
593 2161 621 2212 et
637 2172 750 2212 errores
764 2156 871 2212 maiore
887 2155 998 2228 quidem
1014 2156 1101 2211 liber-

106 2247 195 2309 tate,
211 2240 263 2296 sed
283 2239 345 2295 sine
373 2239 414 2296 ira
444 2245 473 2294 et
493 2239 586 2296 studio
610 2245 708 2296 notare
732 2235 909 2308 insueverat,
938 2241 1013 2310 quod
1039 2239 1101 2311 ipse

105 2329 191 2396 poeta
213 2321 271 2379 Sat.
294 2324 324 2392 l,
344 2327 378 2393 4,
401 2325 556 2390 rou—106
578 2326 734 2396 profitetur.
786 2323 858 2390 Quin
878 2323 952 2379 baud
967 2323 1043 2391 seio,
1067 2339 1101 2378 an

106 2409 208 2476 etiam,
236 2421 316 2477 quem
341 2413 552 2480 praeceptorem
573 2408 710 2478 babebat,
738 2407 863 2463 Orbilius
888 2405 1027 2479 Pupillus,
1054 2405 1101 2476 qui

105 2498 179 2548 teste
196 2489 332 2548 Suetonio
354 2491 388 2546 de
408 2491 509 2546 illustr.
528 2500 642 2562 gramm.
665 2508 690 2546 c.
707 2497 725 2550 9
747 2489 800 2546 ‘ne
820 2490 975 2562 principum
991 2490 1102 2560 quidem

107 2576 230 2630 virorum
252 2575 438 2631 insectatione
459 2575 627 2643 abstinuit',
649 2575 815 2642 contulerit,
836 2579 867 2627 ut
887 2573 968 2642 lepor
988 2572 1037 2627 ille
1059 2573 1102 2626 le-

106 2659 196 2714 stivus
213 2657 314 2713 laetius
331 2659 517 2713 adolesceret.
556 2658 668 2712 llinime
685 2657 771 2727 igitur
787 2658 884 2711 mirum
899 2655 1101 2724 videri'debet,

106 2743 235 2798 Flaccum
255 2747 396 2810 nostrum,
423 2745 452 2797 et
473 2747 569 2797 natura
592 2747 620 2796 et
642 2741 770 2797 doctrina
791 2740 826 2795 ad
849 2739 962 2794 satiram
978 2753 1101 2810 propen-

106 2843 181 2895 sum,
211 2825 349 2896 simulque
370 2824 480 2880 honesti
504 2830 532 2880 et
551 2825 660 2897 patriae
683 2839 777 2880 amore
795 2822 954 2891 incitatum,
985 2838 1066 2893 quum
1086 2839 1120 2882 e,

105 2911 182 2966 bello
201 2925 254 2980 pro
274 2909 382 2980 patriae
403 2908 533 2964 libertate
554 2915 636 2979 gesto
658 2908 748 2986 redux
765 2907 849 2963 vitam
864 2905 967 2962 civium
991 2907 1101 2962 discor-

103 2994 228 3050 dantium
250 2993 376 3050 omnibus
393 2991 486 3060 vitiis,
506 2992 651 3047 interitum
671 2991 845 3063 reipublicae
866 2990 1102 3060 accelerantibus,

105 3077 277 3149 inquinatam
291 3075 426 3145 vidisset,
448 3075 684 3152 indignabundum
704 3076 740 3132 ad
755 3075 935 3146 castigandos
952 3089 1045 3132 mores
1061 3073 1101 3128 ir-

105 3161 307 3231 ridendamquc
323 3159 467 3216 stultitiam
485 3175 516 3215 se
532 3160 735 3232 composuisse.
774 3159 835 3225 Quo
850 3174 963 3213 munere
981 3159 1100 3227 iungens

104 3246 138 3300 ab
160 3245 236 3301 omui
260 3243 366 3300 morosi
385 3234 548 3314 pbilos‘opbi
569 3243 733 3300 austeritate
754 3245 862 3300 alienus
883 3241 937 3296 etsi
960 3238 1101 3296 friulendo

104 3329 200 3386 (licere
223 3329 338 3385 verum’
362 3325 471 3400 maluit,
501 3329 581 3398 quam
604 3326 729 3398 grauiter
754 3324 920 3383 stomachari
942 3323 1101 3390 acriterque

103 3413 250 3471 mititiam
272 3411 412 3467 bominum
433 3423 577 3482 pungere,
603 3423 658 3466 aon
681 3415 771 3466 tamen
793 3409 895 3465 satiras
917 3404 1049 3475 scripsit,
1072 3407 1102 3456 ui
