<?xml version="1.0" encoding="UTF-8"?>
<!DOCTYPE html PUBLIC "-//W3C//DTD XHTML 1.0 Transitional//EN"
    "http://www.w3.org/TR/xhtml1/DTD/xhtml1-transitional.dtd">
<html xmlns="http://www.w3.org/1999/xhtml" xml:lang="en" lang="en">
 <head>
  <title>
</title>
<meta http-equiv="Content-Type" content="text/html;charset=utf-8" />
  <meta name='ocr-system' content='tesseract 3.04.00' />
  <meta name='ocr-capabilities' content='ocr_page ocr_carea ocr_par ocr_line ocrx_word'/>
</head>
<body>
  <div class='ocr_page' id='page_1' title='image "./qhoratiiflaccio02schmgoog_0049.png"; bbox 0 0 2525 3942; ppageno 0'>
   <div class='ocr_carea' id='block_1_1' title="bbox 319 221 1107 299">
    <p class='ocr_par' dir='ltr' id='par_1_1' title="bbox 319 221 1107 299">
     <span class='ocr_line' id='line_1_1' title="bbox 319 221 1107 299; baseline -0.004 -28"><span class='ocrx_word' id='word_1_1' title='bbox 319 251 324 259; x_wconf 94' lang='lat'>·</span> <span class='ocrx_word' id='word_1_2' title='bbox 424 223 457 281; x_wconf 73' lang='lat' dir='ltr'>Q.</span> <span class='ocrx_word' id='word_1_3' title='bbox 481 222 628 270; x_wconf 80' lang='lat' dir='ltr'>HORATII</span> <span class='ocrx_word' id='word_1_4' title='bbox 638 221 785 299; x_wconf 34' lang='lat' dir='ltr'>‘FLACCL</span> <span class='ocrx_word' id='word_1_5' title='bbox 1016 221 1107 270; x_wconf 79' lang='lat' dir='ltr'>mn</span> 
     </span>
    </p>
   </div>
   <div class='ocr_carea' id='block_1_2' title="bbox 39 375 1171 1037">
    <p class='ocr_par' dir='ltr' id='par_1_2' title="bbox 39 375 1171 1037">
     <span class='ocr_line' id='line_1_2' title="bbox 39 375 1107 456; baseline -0.006 -16"><span class='ocrx_word' id='word_1_6' title='bbox 39 402 42 406; x_wconf 90' lang='lat'>·</span> <span class='ocrx_word' id='word_1_7' title='bbox 110 384 184 456; x_wconf 82' lang='lat' dir='ltr'>quod</span> <span class='ocrx_word' id='word_1_8' title='bbox 199 383 293 437; x_wconf 87' lang='lat' dir='ltr'>elucet</span> <span class='ocrx_word' id='word_1_9' title='bbox 308 396 325 436; x_wconf 87' lang='lat' dir='ltr'>e</span> <span class='ocrx_word' id='word_1_10' title='bbox 340 378 421 434; x_wconf 86' lang='lat' dir='ltr'>Plinii</span> <span class='ocrx_word' id='word_1_11' title='bbox 436 378 525 451; x_wconf 86' lang='lat' dir='ltr'>Epist.</span> <span class='ocrx_word' id='word_1_12' title='bbox 542 384 559 438; x_wconf 90' lang='grc'><strong>7</strong></span> <span class='ocrx_word' id='word_1_13' title='bbox 566 419 574 449; x_wconf 82' lang='lat'>,</span> <span class='ocrx_word' id='word_1_14' title='bbox 592 386 638 450; x_wconf 87' lang='grc'>30,</span> <span class='ocrx_word' id='word_1_15' title='bbox 653 381 701 438; x_wconf 88' lang='lat' dir='ltr'>ubi</span> <span class='ocrx_word' id='word_1_16' title='bbox 717 379 831 436; x_wconf 84' lang='lat' dir='ltr'>scribit:</span> <span class='ocrx_word' id='word_1_17' title='bbox 855 375 1035 456; x_wconf 53' lang='lat' dir='ltr'>fOrutionem</span> <span class='ocrx_word' id='word_1_18' title='bbox 1048 379 1107 434; x_wconf 82' lang='lat' dir='ltr'>lle·</span> 
     </span>
     <span class='ocr_line' id='line_1_3' title="bbox 110 462 1105 535; baseline -0.006 -11"><span class='ocrx_word' id='word_1_19' title='bbox 110 465 281 533; x_wconf 87' lang='lat' dir='ltr'>mostbenis,</span> <span class='ocrx_word' id='word_1_20' title='bbox 297 479 358 519; x_wconf 88' lang='lat' dir='ltr'>cum</span> <span class='ocrx_word' id='word_1_21' title='bbox 373 462 487 518; x_wconf 90' lang='lat' dir='ltr'>libellos</span> <span class='ocrx_word' id='word_1_22' title='bbox 502 478 579 526; x_wconf 72' lang='lat' dir='ltr'>nicos</span> <span class='ocrx_word' id='word_1_23' title='bbox 597 473 809 535; x_wconf 73' lang='lat' dir='ltr'><strong>componerem,</strong></span> <span class='ocrx_word' id='word_1_24' title='bbox 823 463 907 518; x_wconf 86' lang='lat' dir='ltr'>babai</span> <span class='ocrx_word' id='word_1_25' title='bbox 923 463 951 518; x_wconf 93' lang='lat' dir='ltr'>in</span> <span class='ocrx_word' id='word_1_26' title='bbox 967 463 1105 530; x_wconf 85' lang='lat' dir='ltr'>manibus,</span> 
     </span>
     <span class='ocr_line' id='line_1_4' title="bbox 110 545 1171 620; baseline -0.004 -14"><span class='ocrx_word' id='word_1_27' title='bbox 110 566 165 608; x_wconf 90' lang='lat' dir='ltr'>non</span> <span class='ocrx_word' id='word_1_28' title='bbox 181 554 211 603; x_wconf 84' lang='lat' dir='ltr'>ut</span> <span class='ocrx_word' id='word_1_29' title='bbox 225 548 437 602; x_wconf 78' lang='lat' dir='ltr'>aemntarar—</span> <span class='ocrx_word' id='word_1_30' title='bbox 447 546 600 617; x_wconf 77' lang='lat' dir='ltr'>improbant</span> <span class='ocrx_word' id='word_1_31' title='bbox 616 547 689 601; x_wconf 84' lang='lat' dir='ltr'>eninr</span> <span class='ocrx_word' id='word_1_32' title='bbox 701 552 730 601; x_wconf 89' lang='lat' dir='ltr'>et</span> <span class='ocrx_word' id='word_1_33' title='bbox 742 547 825 618; x_wconf 87' lang='lat' dir='ltr'>plene</span> <span class='ocrx_word' id='word_1_34' title='bbox 841 546 976 602; x_wconf 81' lang='lat' dir='ltr'>furiosum</span> <span class='ocrx_word' id='word_1_35' title='bbox 986 573 1043 615; x_wconf 92' lang='lat'>-,·</span> <span class='ocrx_word' id='word_1_36' title='bbox 1053 545 1105 620; x_wconf 79' lang='lat' dir='ltr'>sed</span> <span class='ocrx_word' id='word_1_37' title='bbox 1162 576 1171 588; x_wconf 77' lang='lat'><em>=</em></span> 
     </span>
     <span class='ocr_line' id='line_1_5' title="bbox 84 628 1107 700; baseline -0.003 -15"><span class='ocrx_word' id='word_1_38' title='bbox 84 681 90 685; x_wconf 92' lang='lat'>.</span> <span class='ocrx_word' id='word_1_39' title='bbox 110 641 201 690; x_wconf 88' lang='lat' dir='ltr'>tamen</span> <span class='ocrx_word' id='word_1_40' title='bbox 220 631 347 684; x_wconf 76' lang='lat' dir='ltr'>imitarer</span> <span class='ocrx_word' id='word_1_41' title='bbox 364 635 393 683; x_wconf 88' lang='lat' dir='ltr'>et</span> <span class='ocrx_word' id='word_1_42' title='bbox 414 645 564 700; x_wconf 87' lang='lat' dir='ltr'>sequerer,</span> <span class='ocrx_word' id='word_1_43' title='bbox 587 635 716 699; x_wconf 88' lang='lat' dir='ltr'>quantum</span> <span class='ocrx_word' id='word_1_44' title='bbox 737 636 784 684; x_wconf 87' lang='lat' dir='ltr'>aut</span> <span class='ocrx_word' id='word_1_45' title='bbox 803 629 954 685; x_wconf 87' lang='lat' dir='ltr'>diversitas</span> <span class='ocrx_word' id='word_1_46' title='bbox 974 628 1107 700; x_wconf 75' lang='lat' dir='ltr'>ingenio-</span> 
     </span>
     <span class='ocr_line' id='line_1_6' title="bbox 110 711 1104 796; baseline -0.007 -25"><span class='ocrx_word' id='word_1_47' title='bbox 110 731 187 784; x_wconf 88' lang='lat' dir='ltr'>rum,</span> <span class='ocrx_word' id='word_1_48' title='bbox 208 712 319 768; x_wconf 86' lang='lat' dir='ltr'>maximi</span> <span class='ocrx_word' id='word_1_49' title='bbox 342 717 389 767; x_wconf 83' lang='lat' dir='ltr'>aut</span> <span class='ocrx_word' id='word_1_50' title='bbox 410 712 529 782; x_wconf 86' lang='lat' dir='ltr'>minimi,</span> <span class='ocrx_word' id='word_1_51' title='bbox 554 718 601 779; x_wconf 82' lang='lat' dir='ltr'>aut</span> <span class='ocrx_word' id='word_1_52' title='bbox 623 729 740 769; x_wconf 85' lang='lat' dir='ltr'>caussae</span> <span class='ocrx_word' id='word_1_53' title='bbox 757 713 910 779; x_wconf 75' lang='lat' dir='ltr'>similitudo</span> <span class='ocrx_word' id='word_1_54' title='bbox 933 711 1104 796; x_wconf 72' lang='lat' dir='ltr'>pateretur&#39;.</span> 
     </span>
     <span class='ocr_line' id='line_1_7' title="bbox 110 795 1106 871; baseline -0.005 -17"><span class='ocrx_word' id='word_1_55' title='bbox 110 797 243 870; x_wconf 84' lang='lat' dir='ltr'>Horatius</span> <span class='ocrx_word' id='word_1_56' title='bbox 257 802 347 852; x_wconf 88' lang='lat' dir='ltr'>autem</span> <span class='ocrx_word' id='word_1_57' title='bbox 359 795 420 866; x_wconf 89' lang='lat' dir='ltr'>ipse</span> <span class='ocrx_word' id='word_1_58' title='bbox 432 811 508 852; x_wconf 85' lang='lat' dir='ltr'>suam</span> <span class='ocrx_word' id='word_1_59' title='bbox 522 796 647 852; x_wconf 89' lang='lat' dir='ltr'>imitundi</span> <span class='ocrx_word' id='word_1_60' title='bbox 659 796 810 866; x_wconf 86' lang='lat' dir='ltr'>rationem,</span> <span class='ocrx_word' id='word_1_61' title='bbox 825 796 861 852; x_wconf 89' lang='lat' dir='ltr'>de</span> <span class='ocrx_word' id='word_1_62' title='bbox 875 811 928 865; x_wconf 85' lang='lat' dir='ltr'>qua</span> <span class='ocrx_word' id='word_1_63' title='bbox 939 801 1005 868; x_wconf 89' lang='lat' dir='ltr'>post</span> <span class='ocrx_word' id='word_1_64' title='bbox 1015 795 1106 871; x_wconf 67' lang='lat' dir='ltr'>Wag-</span> 
     </span>
     <span class='ocr_line' id='line_1_8' title="bbox 111 875 1106 952; baseline -0.004 -15"><span class='ocrx_word' id='word_1_65' title='bbox 111 875 271 952; x_wconf 67' lang='lat' dir='ltr'>nerumffl.</span> <span class='ocrx_word' id='word_1_66' title='bbox 288 879 354 935; x_wconf 86' lang='lat' dir='ltr'>Hor.</span> <span class='ocrx_word' id='word_1_67' title='bbox 371 879 464 934; x_wconf 87' lang='lat' dir='ltr'>Flacci</span> <span class='ocrx_word' id='word_1_68' title='bbox 479 877 605 934; x_wconf 82' lang='lat' dir='ltr'>Carmina</span> <span class='ocrx_word' id='word_1_69' title='bbox 625 879 776 935; x_wconf 88' lang='lat' dir='ltr'>collatione</span> <span class='ocrx_word' id='word_1_70' title='bbox 798 880 964 952; x_wconf 87' lang='lat' dir='ltr'>scriptorum</span> <span class='ocrx_word' id='word_1_71' title='bbox 981 878 1106 935; x_wconf 83' lang='lat' dir='ltr'>Graeco-</span> 
     </span>
     <span class='ocr_line' id='line_1_9' title="bbox 111 957 1106 1037; baseline -0.003 -18"><span class='ocrx_word' id='word_1_72' title='bbox 111 980 170 1020; x_wconf 88' lang='lat' dir='ltr'>rum</span> <span class='ocrx_word' id='word_1_73' title='bbox 188 963 344 1029; x_wconf 86' lang='lat' dir='ltr'>illustrata,</span> <span class='ocrx_word' id='word_1_74' title='bbox 361 961 447 1019; x_wconf 87' lang='lat' dir='ltr'>Halae</span> <span class='ocrx_word' id='word_1_75' title='bbox 457 957 543 1035; x_wconf 83' lang='grc'>1770)</span> <span class='ocrx_word' id='word_1_76' title='bbox 558 969 586 1017; x_wconf 89' lang='lat' dir='ltr'>et</span> <span class='ocrx_word' id='word_1_77' title='bbox 599 962 781 1034; x_wconf 73' lang='lat' dir='ltr'>chscbium</span> <span class='ocrx_word' id='word_1_78' title='bbox 793 958 845 1037; x_wconf 88' lang='lat' dir='ltr'>(de</span> <span class='ocrx_word' id='word_1_79' title='bbox 859 962 967 1018; x_wconf 79' lang='lat' dir='ltr'>Horatii</span> <span class='ocrx_word' id='word_1_80' title='bbox 981 961 1106 1018; x_wconf 82' lang='lat' dir='ltr'>Graecos</span> 
     </span>
    </p>
   </div>
   <div class='ocr_carea' id='block_1_3' title="bbox 111 1043 1210 1118">
    <p class='ocr_par' dir='ltr' id='par_1_3' title="bbox 111 1043 1210 1118">
     <span class='ocr_line' id='line_1_10' title="bbox 111 1043 1210 1118; baseline -0.003 -16"><span class='ocrx_word' id='word_1_81' title='bbox 111 1045 236 1102; x_wconf 84' lang='lat' dir='ltr'>imitandi</span> <span class='ocrx_word' id='word_1_82' title='bbox 253 1045 346 1100; x_wconf 87' lang='lat' dir='ltr'>studio</span> <span class='ocrx_word' id='word_1_83' title='bbox 359 1061 392 1101; x_wconf 86' lang='lat' dir='ltr'>nc</span> <span class='ocrx_word' id='word_1_84' title='bbox 408 1045 517 1100; x_wconf 87' lang='lat' dir='ltr'>ratione</span> <span class='ocrx_word' id='word_1_85' title='bbox 534 1045 692 1116; x_wconf 70' lang='lat' dir='ltr'>expositio,</span> <span class='ocrx_word' id='word_1_86' title='bbox 712 1045 806 1101; x_wconf 83' lang='lat' dir='ltr'>Viteb.</span> <span class='ocrx_word' id='word_1_87' title='bbox 815 1043 911 1118; x_wconf 75' lang='grc'>1829)</span> <span class='ocrx_word' id='word_1_88' title='bbox 927 1045 1031 1117; x_wconf 89' lang='lat' dir='ltr'>optime</span> <span class='ocrx_word' id='word_1_89' title='bbox 1045 1045 1105 1101; x_wconf 83' lang='lat' dir='ltr'>dis-</span> <span class='ocrx_word' id='word_1_90' title='bbox 1207 1045 1210 1050; x_wconf 79' lang='grc'>’</span> 
     </span>
    </p>
   </div>
   <div class='ocr_carea' id='block_1_4' title="bbox 68 1123 1122 2615">
    <p class='ocr_par' dir='ltr' id='par_1_4' title="bbox 68 1123 1122 2615">
     <span class='ocr_line' id='line_1_11' title="bbox 111 1123 1106 1194; baseline -0.001 -9"><span class='ocrx_word' id='word_1_91' title='bbox 111 1129 201 1185; x_wconf 87' lang='lat' dir='ltr'>seruit</span> <span class='ocrx_word' id='word_1_92' title='bbox 214 1127 246 1181; x_wconf 90' lang='lat' dir='ltr'>H.</span> <span class='ocrx_word' id='word_1_93' title='bbox 263 1127 295 1182; x_wconf 90' lang='lat' dir='ltr'>ll.</span> <span class='ocrx_word' id='word_1_94' title='bbox 313 1126 421 1183; x_wconf 81' lang='lat' dir='ltr'>Gorclrc</span> <span class='ocrx_word' id='word_1_95' title='bbox 437 1128 465 1183; x_wconf 91' lang='lat' dir='ltr'>in</span> <span class='ocrx_word' id='word_1_96' title='bbox 487 1123 537 1194; x_wconf 73' lang='grc' dir='ltr'>Ὀ.</span> <span class='ocrx_word' id='word_1_97' title='bbox 555 1128 663 1186; x_wconf 87' lang='lat' dir='ltr'>llorutii</span> <span class='ocrx_word' id='word_1_98' title='bbox 676 1129 717 1184; x_wconf 84' lang='lat' dir='ltr'>Fl.</span> <span class='ocrx_word' id='word_1_99' title='bbox 735 1128 889 1184; x_wconf 84' lang='lat' dir='ltr'>Carminum</span> <span class='ocrx_word' id='word_1_100' title='bbox 911 1128 960 1184; x_wconf 90' lang='lat' dir='ltr'>lib.</span> <span class='ocrx_word' id='word_1_101' title='bbox 978 1128 998 1183; x_wconf 91' lang='lat' dir='ltr'>l.</span> <span class='ocrx_word' id='word_1_102' title='bbox 1016 1128 1106 1184; x_wconf 88' lang='lat' dir='ltr'>colla·</span> 
     </span>
     <span class='ocr_line' id='line_1_12' title="bbox 111 1210 1105 1286; baseline 0 -20"><span class='ocrx_word' id='word_1_103' title='bbox 111 1213 147 1267; x_wconf 92' lang='lat' dir='ltr'>tis</span> <span class='ocrx_word' id='word_1_104' title='bbox 166 1210 351 1286; x_wconf 81' lang='lat' dir='ltr'>scriptoribus</span> <span class='ocrx_word' id='word_1_105' title='bbox 367 1210 482 1267; x_wconf 86' lang='lat' dir='ltr'>Graecis</span> <span class='ocrx_word' id='word_1_106' title='bbox 498 1212 647 1267; x_wconf 88' lang='lat' dir='ltr'>illustrati&#39;</span> <span class='ocrx_word' id='word_1_107' title='bbox 663 1212 828 1283; x_wconf 81' lang='lat' dir='ltr'>specimine,</span> <span class='ocrx_word' id='word_1_108' title='bbox 849 1212 936 1268; x_wconf 86' lang='lat' dir='ltr'>Halae</span> <span class='ocrx_word' id='word_1_109' title='bbox 951 1218 1037 1279; x_wconf 82' lang='grc'>1853,</span> <span class='ocrx_word' id='word_1_110' title='bbox 1053 1226 1105 1266; x_wconf 91' lang='lat' dir='ltr'>no-</span> 
     </span>
     <span class='ocr_line' id='line_1_13' title="bbox 111 1285 1105 1370; baseline -0.002 -20"><span class='ocrx_word' id='word_1_111' title='bbox 111 1295 156 1370; x_wconf 89' lang='lat' dir='ltr'>bis</span> <span class='ocrx_word' id='word_1_112' title='bbox 171 1285 404 1366; x_wconf 61' lang='lat' dir='ltr'>exposcendae</span> <span class='ocrx_word' id='word_1_113' title='bbox 421 1295 515 1365; x_wconf 84' lang='lat' dir='ltr'>l‚·19‚</span> <span class='ocrx_word' id='word_1_114' title='bbox 531 1299 659 1364; x_wconf 76' lang='lat' dir='ltr'>ill-31,</span> <span class='ocrx_word' id='word_1_115' title='bbox 681 1311 742 1350; x_wconf 84' lang='lat' dir='ltr'>cum</span> <span class='ocrx_word' id='word_1_116' title='bbox 764 1312 819 1366; x_wconf 81' lang='lat' dir='ltr'>quo</span> <span class='ocrx_word' id='word_1_117' title='bbox 837 1296 902 1350; x_wconf 89' lang='lat' dir='ltr'>loeo</span> <span class='ocrx_word' id='word_1_118' title='bbox 919 1294 1105 1366; x_wconf 88' lang='lat' dir='ltr'>comparanda</span> 
     </span>
     <span class='ocr_line' id='line_1_14' title="bbox 109 1377 1104 1451; baseline -0.006 -14"><span class='ocrx_word' id='word_1_119' title='bbox 109 1384 191 1446; x_wconf 83' lang='lat' dir='ltr'>sunt,</span> <span class='ocrx_word' id='word_1_120' title='bbox 213 1394 283 1448; x_wconf 85' lang='lat' dir='ltr'>quae</span> <span class='ocrx_word' id='word_1_121' title='bbox 303 1377 338 1432; x_wconf 89' lang='lat' dir='ltr'>dc</span> <span class='ocrx_word' id='word_1_122' title='bbox 351 1378 408 1432; x_wconf 36' lang='lat' dir='ltr'>&#39;hac</span> <span class='ocrx_word' id='word_1_123' title='bbox 423 1393 454 1432; x_wconf 89' lang='lat' dir='ltr'>re</span> <span class='ocrx_word' id='word_1_124' title='bbox 475 1378 648 1434; x_wconf 88' lang='lat' dir='ltr'>commendat</span> <span class='ocrx_word' id='word_1_125' title='bbox 664 1379 793 1434; x_wconf 80' lang='lat' dir='ltr'>Romanis</span> <span class='ocrx_word' id='word_1_126' title='bbox 808 1379 902 1451; x_wconf 88' lang='lat' dir='ltr'>po&#39;e&#39;tis</span> <span class='ocrx_word' id='word_1_127' title='bbox 917 1377 1004 1449; x_wconf 86' lang='lat' dir='ltr'>Epist.</span> <span class='ocrx_word' id='word_1_128' title='bbox 1024 1377 1060 1446; x_wconf 91' lang='lat' dir='ltr'>ll,</span> <span class='ocrx_word' id='word_1_129' title='bbox 1076 1383 1104 1446; x_wconf 79' lang='lat'>3,</span> 
     </span>
     <span class='ocr_line' id='line_1_15' title="bbox 112 1457 1105 1520; baseline -0.006 0"><span class='ocrx_word' id='word_1_130' title='bbox 112 1466 266 1520; x_wconf 76' lang='lat'>129-135.</span> <span class='ocrx_word' id='word_1_131' title='bbox 312 1457 386 1516; x_wconf 74' lang='lat' dir='ltr'>‘Nec</span> <span class='ocrx_word' id='word_1_132' title='bbox 406 1461 521 1516; x_wconf 84' lang='lat' dir='ltr'>verbum</span> <span class='ocrx_word' id='word_1_133' title='bbox 544 1462 632 1518; x_wconf 88' lang='lat' dir='ltr'>verbo</span> <span class='ocrx_word' id='word_1_134' title='bbox 656 1462 764 1518; x_wconf 81' lang='lat' dir='ltr'>curavit</span> <span class='ocrx_word' id='word_1_135' title='bbox 784 1462 904 1518; x_wconf 92' lang='lat' dir='ltr'>reddere</span> <span class='ocrx_word' id='word_1_136' title='bbox 926 1461 995 1518; x_wconf 86' lang='lat' dir='ltr'>lldus</span> <span class='ocrx_word' id='word_1_137' title='bbox 1016 1461 1105 1516; x_wconf 87' lang='lat' dir='ltr'>inter-</span> 
     </span>
     <span class='ocr_line' id='line_1_16' title="bbox 104 1543 1105 1616; baseline 0 -18"><span class='ocrx_word' id='word_1_138' title='bbox 104 1561 194 1616; x_wconf 84' lang='lat' dir='ltr'>pres,</span> <span class='ocrx_word' id='word_1_139' title='bbox 217 1559 269 1598; x_wconf 89' lang='lat' dir='ltr'>nec</span> <span class='ocrx_word' id='word_1_140' title='bbox 285 1543 400 1598; x_wconf 82' lang='lat' dir='ltr'>desiluit</span> <span class='ocrx_word' id='word_1_141' title='bbox 415 1543 537 1601; x_wconf 78' lang='lat' dir='ltr'>imitator</span> <span class='ocrx_word' id='word_1_142' title='bbox 551 1545 579 1599; x_wconf 93' lang='lat' dir='ltr'>in</span> <span class='ocrx_word' id='word_1_143' title='bbox 596 1544 718 1614; x_wconf 88' lang='lat' dir='ltr'>artum&#39;,</span> <span class='ocrx_word' id='word_1_144' title='bbox 738 1561 791 1600; x_wconf 92' lang='lat' dir='ltr'>nec</span> <span class='ocrx_word' id='word_1_145' title='bbox 808 1546 917 1616; x_wconf 74' lang='lat' dir='ltr'>integra</span> <span class='ocrx_word' id='word_1_146' title='bbox 936 1544 1105 1600; x_wconf 86' lang='lat' dir='ltr'>Graecorum</span> 
     </span>
     <span class='ocr_line' id='line_1_17' title="bbox 68 1625 1105 1697; baseline -0.004 -13"><span class='ocrx_word' id='word_1_147' title='bbox 68 1642 74 1656; x_wconf 85' lang='lat'><strong><em>¹</em></strong></span> <span class='ocrx_word' id='word_1_148' title='bbox 110 1627 234 1684; x_wconf 88' lang='lat' dir='ltr'>carmina</span> <span class='ocrx_word' id='word_1_149' title='bbox 250 1625 391 1696; x_wconf 84' lang='lat' dir='ltr'>expressit</span> <span class='ocrx_word' id='word_1_150' title='bbox 406 1632 433 1682; x_wconf 89' lang='lat' dir='ltr'>et</span> <span class='ocrx_word' id='word_1_151' title='bbox 451 1627 547 1684; x_wconf 87' lang='lat' dir='ltr'>eadem</span> <span class='ocrx_word' id='word_1_152' title='bbox 564 1628 762 1688; x_wconf 81' lang='lat' dir='ltr'>sententiarum</span> <span class='ocrx_word' id='word_1_153' title='bbox 776 1628 869 1697; x_wconf 86' lang='lat' dir='ltr'>serie,</span> <span class='ocrx_word' id='word_1_154' title='bbox 888 1628 988 1684; x_wconf 89' lang='lat' dir='ltr'>nedum</span> <span class='ocrx_word' id='word_1_155' title='bbox 1004 1627 1105 1682; x_wconf 90' lang='lat' dir='ltr'>iisdem</span> 
     </span>
     <span class='ocr_line' id='line_1_18' title="bbox 111 1707 1111 1780; baseline -0.003 -14"><span class='ocrx_word' id='word_1_156' title='bbox 111 1709 225 1778; x_wconf 80' lang='lat' dir='ltr'>verbis,</span> <span class='ocrx_word' id='word_1_157' title='bbox 246 1707 332 1764; x_wconf 85' lang='lat' dir='ltr'>latine</span> <span class='ocrx_word' id='word_1_158' title='bbox 347 1709 484 1780; x_wconf 88' lang='lat' dir='ltr'>reddidit,</span> <span class='ocrx_word' id='word_1_159' title='bbox 507 1711 573 1779; x_wconf 87' lang='lat' dir='ltr'>sed,</span> <span class='ocrx_word' id='word_1_160' title='bbox 595 1715 625 1764; x_wconf 87' lang='lat' dir='ltr'>ut</span> <span class='ocrx_word' id='word_1_161' title='bbox 641 1716 718 1766; x_wconf 87' lang='lat' dir='ltr'>recte</span> <span class='ocrx_word' id='word_1_162' title='bbox 733 1717 827 1766; x_wconf 85' lang='lat' dir='ltr'>monet</span> <span class='ocrx_word' id='word_1_163' title='bbox 841 1711 965 1780; x_wconf 86' lang='lat' dir='ltr'>Garcke,</span> <span class='ocrx_word' id='word_1_164' title='bbox 986 1709 1111 1768; x_wconf 72' lang='lat' dir='ltr'>exordia</span> 
     </span>
     <span class='ocr_line' id='line_1_19' title="bbox 110 1792 1105 1864; baseline -0.004 -14"><span class='ocrx_word' id='word_1_165' title='bbox 110 1793 278 1862; x_wconf 71' lang='lat' dir='ltr'>carminum,</span> <span class='ocrx_word' id='word_1_166' title='bbox 306 1792 377 1847; x_wconf 87' lang='lat' dir='ltr'>unde</span> <span class='ocrx_word' id='word_1_167' title='bbox 398 1793 506 1848; x_wconf 89' lang='lat' dir='ltr'>initium</span> <span class='ocrx_word' id='word_1_168' title='bbox 529 1793 641 1850; x_wconf 89' lang='lat' dir='ltr'>dicendi</span> <span class='ocrx_word' id='word_1_169' title='bbox 655 1799 692 1848; x_wconf 85' lang='lat' dir='ltr'>ot</span> <span class='ocrx_word' id='word_1_170' title='bbox 713 1792 886 1864; x_wconf 86' lang='lat' dir='ltr'>propositum</span> <span class='ocrx_word' id='word_1_171' title='bbox 908 1800 1058 1861; x_wconf 80' lang='lat' dir='ltr'>sumeret,</span> <span class='ocrx_word' id='word_1_172' title='bbox 1076 1798 1105 1847; x_wconf 91' lang='lat' dir='ltr'>et</span> 
     </span>
     <span class='ocr_line' id='line_1_20' title="bbox 113 1875 1103 1949; baseline -0.003 -18"><span class='ocrx_word' id='word_1_173' title='bbox 113 1875 282 1949; x_wconf 79' lang='lat' dir='ltr'>principales</span> <span class='ocrx_word' id='word_1_174' title='bbox 306 1876 475 1946; x_wconf 81' lang='lat' dir='ltr'>sententies,</span> <span class='ocrx_word' id='word_1_175' title='bbox 496 1876 524 1932; x_wconf 90' lang='lat' dir='ltr'>in</span> <span class='ocrx_word' id='word_1_176' title='bbox 549 1876 701 1947; x_wconf 82' lang='lat' dir='ltr'>conspicue</span> <span class='ocrx_word' id='word_1_177' title='bbox 721 1877 884 1948; x_wconf 84' lang='lat' dir='ltr'>plerumque</span> <span class='ocrx_word' id='word_1_178' title='bbox 905 1877 991 1945; x_wconf 89' lang='lat' dir='ltr'>sede,</span> <span class='ocrx_word' id='word_1_179' title='bbox 1012 1876 1058 1931; x_wconf 85' lang='lat' dir='ltr'>vel</span> <span class='ocrx_word' id='word_1_180' title='bbox 1075 1875 1103 1928; x_wconf 91' lang='lat' dir='ltr'>in</span> 
     </span>
     <span class='ocr_line' id='line_1_21' title="bbox 112 1957 1104 2034; baseline 0 -20"><span class='ocrx_word' id='word_1_181' title='bbox 112 1957 253 2031; x_wconf 90' lang='lat' dir='ltr'>principio</span> <span class='ocrx_word' id='word_1_182' title='bbox 267 1958 312 2013; x_wconf 83' lang='lat' dir='ltr'>vel</span> <span class='ocrx_word' id='word_1_183' title='bbox 327 1958 356 2012; x_wconf 93' lang='lat' dir='ltr'>in</span> <span class='ocrx_word' id='word_1_184' title='bbox 370 1959 459 2015; x_wconf 89' lang='lat' dir='ltr'>media</span> <span class='ocrx_word' id='word_1_185' title='bbox 475 1966 555 2033; x_wconf 89' lang='lat' dir='ltr'>parte</span> <span class='ocrx_word' id='word_1_186' title='bbox 570 1959 615 2014; x_wconf 85' lang='lat' dir='ltr'>vel</span> <span class='ocrx_word' id='word_1_187' title='bbox 632 1959 659 2014; x_wconf 96' lang='lat' dir='ltr'>in</span> <span class='ocrx_word' id='word_1_188' title='bbox 676 1959 800 2016; x_wconf 88' lang='lat' dir='ltr'>clausula</span> <span class='ocrx_word' id='word_1_189' title='bbox 815 1960 986 2034; x_wconf 85' lang='lat' dir='ltr'>collocatas,</span> <span class='ocrx_word' id='word_1_190' title='bbox 1003 1958 1104 2030; x_wconf 81' lang='lat' dir='ltr'>quibus</span> 
     </span>
     <span class='ocr_line' id='line_1_22' title="bbox 111 2040 1122 2111; baseline -0.001 -14"><span class='ocrx_word' id='word_1_191' title='bbox 111 2041 234 2097; x_wconf 85' lang='lat' dir='ltr'>carmina</span> <span class='ocrx_word' id='word_1_192' title='bbox 249 2057 298 2096; x_wconf 86' lang='lat' dir='ltr'>sua</span> <span class='ocrx_word' id='word_1_193' title='bbox 311 2040 496 2111; x_wconf 68' lang='lat' dir='ltr'>distingueret</span> <span class='ocrx_word' id='word_1_194' title='bbox 510 2049 538 2098; x_wconf 86' lang='lat' dir='ltr'>et</span> <span class='ocrx_word' id='word_1_195' title='bbox 552 2043 652 2098; x_wconf 92' lang='lat' dir='ltr'>doctos</span> <span class='ocrx_word' id='word_1_196' title='bbox 664 2043 768 2099; x_wconf 86' lang='lat' dir='ltr'>amicos</span> <span class='ocrx_word' id='word_1_197' title='bbox 780 2049 907 2099; x_wconf 88' lang='lat' dir='ltr'>moveret</span> <span class='ocrx_word' id='word_1_198' title='bbox 918 2045 963 2099; x_wconf 80' lang='lat' dir='ltr'>vel</span> <span class='ocrx_word' id='word_1_199' title='bbox 979 2041 1104 2100; x_wconf 87' lang='lat' dir='ltr'>delecta·</span> <span class='ocrx_word' id='word_1_200' title='bbox 1118 2088 1122 2096; x_wconf 95' lang='lat'>.</span> 
     </span>
     <span class='ocr_line' id='line_1_23' title="bbox 112 2122 1105 2198; baseline 0.001 -19"><span class='ocrx_word' id='word_1_201' title='bbox 112 2130 172 2192; x_wconf 85' lang='lat' dir='ltr'>ret,</span> <span class='ocrx_word' id='word_1_202' title='bbox 196 2122 340 2180; x_wconf 85' lang='lat' dir='ltr'>aGra&#39;ecis</span> <span class='ocrx_word' id='word_1_203' title='bbox 362 2125 522 2181; x_wconf 76' lang='lat' dir='ltr'>unctoribus</span> <span class='ocrx_word' id='word_1_204' title='bbox 540 2126 663 2197; x_wconf 88' lang='lat' dir='ltr'>repetiit.</span> <span class='ocrx_word' id='word_1_205' title='bbox 708 2126 738 2180; x_wconf 93' lang='lat' dir='ltr'>ln</span> <span class='ocrx_word' id='word_1_206' title='bbox 756 2122 811 2197; x_wconf 80' lang='lat' dir='ltr'>quo</span> <span class='ocrx_word' id='word_1_207' title='bbox 832 2126 895 2198; x_wconf 91' lang='lat' dir='ltr'>ipso</span> <span class='ocrx_word' id='word_1_208' title='bbox 911 2133 1000 2184; x_wconf 87' lang='lat' dir='ltr'>tamen</span> <span class='ocrx_word' id='word_1_209' title='bbox 1017 2125 1105 2182; x_wconf 87' lang='lat' dir='ltr'>adrui-</span> 
     </span>
     <span class='ocr_line' id='line_1_24' title="bbox 111 2200 1104 2280; baseline 0.002 -18"><span class='ocrx_word' id='word_1_210' title='bbox 111 2206 170 2262; x_wconf 90' lang='lat' dir='ltr'>rari</span> <span class='ocrx_word' id='word_1_211' title='bbox 186 2206 253 2260; x_wconf 89' lang='lat' dir='ltr'>licet</span> <span class='ocrx_word' id='word_1_212' title='bbox 267 2210 366 2277; x_wconf 81' lang='lat' dir='ltr'>poetae</span> <span class='ocrx_word' id='word_1_213' title='bbox 381 2200 484 2276; x_wconf 64' lang='lat' dir='ltr'>artem]</span> <span class='ocrx_word' id='word_1_214' title='bbox 509 2225 560 2280; x_wconf 87' lang='lat' dir='ltr'>qua</span> <span class='ocrx_word' id='word_1_215' title='bbox 577 2209 689 2265; x_wconf 84' lang='lat' dir='ltr'>colores</span> <span class='ocrx_word' id='word_1_216' title='bbox 704 2208 826 2266; x_wconf 83' lang='lat' dir='ltr'>Graecos</span> <span class='ocrx_word' id='word_1_217' title='bbox 840 2227 901 2266; x_wconf 91' lang='lat' dir='ltr'>cum</span> <span class='ocrx_word' id='word_1_218' title='bbox 914 2209 1044 2267; x_wconf 81' lang='lat' dir='ltr'>Romanis</span> <span class='ocrx_word' id='word_1_219' title='bbox 1064 2209 1104 2264; x_wconf 78' lang='lat' dir='ltr'>ita</span> 
     </span>
     <span class='ocr_line' id='line_1_25' title="bbox 109 2288 1106 2361; baseline 0 -15"><span class='ocrx_word' id='word_1_220' title='bbox 109 2289 300 2359; x_wconf 85' lang='lat' dir='ltr'>commiscuit,</span> <span class='ocrx_word' id='word_1_221' title='bbox 326 2295 357 2345; x_wconf 79' lang='lat' dir='ltr'>ut</span> <span class='ocrx_word' id='word_1_222' title='bbox 370 2291 463 2352; x_wconf 48' lang='lat' dir='ltr'>¹hosce</span> <span class='ocrx_word' id='word_1_223' title='bbox 484 2292 567 2348; x_wconf 81' lang='lat' dir='ltr'>flores</span> <span class='ocrx_word' id='word_1_224' title='bbox 589 2293 640 2348; x_wconf 89' lang='lat' dir='ltr'>sub</span> <span class='ocrx_word' id='word_1_225' title='bbox 663 2289 733 2349; x_wconf 88' lang='lat' dir='ltr'>ltalo</span> <span class='ocrx_word' id='word_1_226' title='bbox 760 2293 842 2349; x_wconf 91' lang='lat' dir='ltr'>coelo</span> <span class='ocrx_word' id='word_1_227' title='bbox 864 2299 944 2361; x_wconf 86' lang='lat' dir='ltr'>natos</span> <span class='ocrx_word' id='word_1_228' title='bbox 967 2298 996 2348; x_wconf 87' lang='lat' dir='ltr'>et</span> <span class='ocrx_word' id='word_1_229' title='bbox 1011 2288 1106 2347; x_wconf 74' lang='lat' dir='ltr'>‘circa</span> 
     </span>
     <span class='ocr_line' id='line_1_26' title="bbox 112 2372 1105 2447; baseline 0.001 -19"><span class='ocrx_word' id='word_1_230' title='bbox 112 2388 208 2428; x_wconf 88' lang='lat' dir='ltr'>nemus</span> <span class='ocrx_word' id='word_1_231' title='bbox 224 2372 357 2445; x_wconf 83' lang='lat' dir='ltr'>uvidique</span> <span class='ocrx_word' id='word_1_232' title='bbox 371 2373 481 2430; x_wconf 85' lang='lat' dir='ltr'>Tiburis</span> <span class='ocrx_word' id='word_1_233' title='bbox 504 2373 596 2446; x_wconf 89' lang='lat' dir='ltr'>ripas&#39;</span> <span class='ocrx_word' id='word_1_234' title='bbox 619 2382 729 2447; x_wconf 76' lang='lat' dir='ltr'>apoeta</span> <span class='ocrx_word' id='word_1_235' title='bbox 744 2376 833 2432; x_wconf 86' lang='lat' dir='ltr'>luisse</span> <span class='ocrx_word' id='word_1_236' title='bbox 848 2377 938 2432; x_wconf 89' lang='lat' dir='ltr'>lectos</span> <span class='ocrx_word' id='word_1_237' title='bbox 954 2375 1038 2432; x_wconf 78' lang='lat' dir='ltr'>facile</span> <span class='ocrx_word' id='word_1_238' title='bbox 1053 2389 1105 2430; x_wconf 91' lang='lat' dir='ltr'>uo-</span> 
     </span>
     <span class='ocr_line' id='line_1_27' title="bbox 111 2455 1105 2531; baseline 0.003 -20"><span class='ocrx_word' id='word_1_239' title='bbox 111 2455 157 2511; x_wconf 88' lang='lat' dir='ltr'>bis</span> <span class='ocrx_word' id='word_1_240' title='bbox 180 2455 405 2530; x_wconf 88' lang='lat' dir='ltr'>persnadeomus.</span> <span class='ocrx_word' id='word_1_241' title='bbox 454 2458 690 2530; x_wconf 75' lang='lat' dir='ltr'>Investigantibus</span> <span class='ocrx_word' id='word_1_242' title='bbox 716 2466 806 2516; x_wconf 88' lang='lat' dir='ltr'>autem</span> <span class='ocrx_word' id='word_1_243' title='bbox 832 2476 887 2531; x_wconf 83' lang='lat' dir='ltr'>qno</span> <span class='ocrx_word' id='word_1_244' title='bbox 908 2460 1018 2530; x_wconf 72' lang='lat' dir='ltr'>singula</span> <span class='ocrx_word' id='word_1_245' title='bbox 1040 2475 1105 2514; x_wconf 86' lang='lat' dir='ltr'>cur·</span> 
     </span>
     <span class='ocr_line' id='line_1_28' title="bbox 110 2539 1105 2615; baseline 0.002 -21"><span class='ocrx_word' id='word_1_246' title='bbox 110 2539 185 2594; x_wconf 89' lang='lat' dir='ltr'>mina</span> <span class='ocrx_word' id='word_1_247' title='bbox 203 2545 326 2610; x_wconf 82' lang='lat' dir='ltr'>tempore</span> <span class='ocrx_word' id='word_1_248' title='bbox 344 2540 449 2611; x_wconf 84' lang='lat' dir='ltr'>scripta</span> <span class='ocrx_word' id='word_1_249' title='bbox 463 2541 529 2610; x_wconf 85' lang='lat' dir='ltr'>sint,</span> <span class='ocrx_word' id='word_1_250' title='bbox 545 2542 702 2615; x_wconf 78' lang='lat' dir='ltr'>apparebit,</span> <span class='ocrx_word' id='word_1_251' title='bbox 719 2560 765 2612; x_wconf 82' lang='lat' dir='ltr'>ea,</span> <span class='ocrx_word' id='word_1_252' title='bbox 778 2543 879 2614; x_wconf 85' lang='lat' dir='ltr'>quibus</span> <span class='ocrx_word' id='word_1_253' title='bbox 890 2542 995 2598; x_wconf 90' lang='lat' dir='ltr'>maiore</span> <span class='ocrx_word' id='word_1_254' title='bbox 1006 2541 1105 2597; x_wconf 71' lang='lat' dir='ltr'>anme-</span> 
     </span>
    </p>
   </div>
   <div class='ocr_carea' id='block_1_5' title="bbox 111 2621 1203 2694">
    <p class='ocr_par' dir='ltr' id='par_1_5' title="bbox 111 2621 1203 2694">
     <span class='ocr_line' id='line_1_29' title="bbox 111 2621 1203 2694; baseline -0.001 -18"><span class='ocrx_word' id='word_1_255' title='bbox 111 2621 220 2691; x_wconf 81' lang='lat' dir='ltr'>tatein</span> <span class='ocrx_word' id='word_1_256' title='bbox 242 2623 430 2694; x_wconf 85' lang='lat' dir='ltr'>exemplorum</span> <span class='ocrx_word' id='word_1_257' title='bbox 452 2622 583 2694; x_wconf 78' lang='lat' dir='ltr'>vestigiis</span> <span class='ocrx_word' id='word_1_258' title='bbox 606 2623 755 2694; x_wconf 86' lang='lat' dir='ltr'>institerit,</span> <span class='ocrx_word' id='word_1_259' title='bbox 784 2626 819 2681; x_wconf 87' lang='lat' dir='ltr'>iis</span> <span class='ocrx_word' id='word_1_260' title='bbox 846 2625 1015 2694; x_wconf 77' lang='lat' dir='ltr'>assignanda</span> <span class='ocrx_word' id='word_1_261' title='bbox 1038 2639 1104 2678; x_wconf 88' lang='lat' dir='ltr'>esse</span> <span class='ocrx_word' id='word_1_262' title='bbox 1199 2669 1203 2675; x_wconf 90' lang='lat'>.</span> 
     </span>
    </p>
   </div>
   <div class='ocr_carea' id='block_1_6' title="bbox 54 2703 1152 3442">
    <p class='ocr_par' dir='ltr' id='par_1_6' title="bbox 54 2703 1152 3442">
     <span class='ocr_line' id='line_1_30' title="bbox 111 2703 1135 2778; baseline 0.005 -18"><span class='ocrx_word' id='word_1_263' title='bbox 111 2703 304 2776; x_wconf 84' lang='lat' dir='ltr'>temporibus,</span> <span class='ocrx_word' id='word_1_264' title='bbox 323 2705 423 2776; x_wconf 86' lang='lat' dir='ltr'>quibus</span> <span class='ocrx_word' id='word_1_265' title='bbox 444 2707 559 2777; x_wconf 84' lang='lat' dir='ltr'>primunr</span> <span class='ocrx_word' id='word_1_266' title='bbox 582 2707 617 2763; x_wconf 91' lang='lat' dir='ltr'>ad</span> <span class='ocrx_word' id='word_1_267' title='bbox 631 2709 686 2762; x_wconf 93' lang='lat' dir='ltr'>boc</span> <span class='ocrx_word' id='word_1_268' title='bbox 702 2723 790 2778; x_wconf 74' lang='lat' dir='ltr'>genus</span> <span class='ocrx_word' id='word_1_269' title='bbox 805 2707 922 2776; x_wconf 74' lang='lat' dir='ltr'>lyricum</span> <span class='ocrx_word' id='word_1_270' title='bbox 938 2705 1104 2775; x_wconf 84' lang='lat' dir='ltr'>accesserit,</span> <span class='ocrx_word' id='word_1_271' title='bbox 1133 2760 1135 2765; x_wconf 91' lang='lat'><em>.</em></span> 
     </span>
     <span class='ocr_line' id='line_1_31' title="bbox 113 2785 1103 2858; baseline 0.002 -17"><span class='ocrx_word' id='word_1_272' title='bbox 113 2787 191 2842; x_wconf 88' lang='lat' dir='ltr'>velut</span> <span class='ocrx_word' id='word_1_273' title='bbox 208 2785 258 2841; x_wconf 93' lang='lat' dir='ltr'>0d.</span> <span class='ocrx_word' id='word_1_274' title='bbox 276 2788 304 2858; x_wconf 89' lang='lat'>1,</span> <span class='ocrx_word' id='word_1_275' title='bbox 319 2795 344 2848; x_wconf 86' lang='lat'>9.</span> <span class='ocrx_word' id='word_1_276' title='bbox 360 2797 402 2847; x_wconf 89' lang='grc'>10.</span> <span class='ocrx_word' id='word_1_277' title='bbox 419 2794 460 2847; x_wconf 83' lang='lat'>14.</span> <span class='ocrx_word' id='word_1_278' title='bbox 478 2796 513 2849; x_wconf 88' lang='grc'>30</span> <span class='ocrx_word' id='word_1_279' title='bbox 531 2790 567 2846; x_wconf 85' lang='lat' dir='ltr'>al.</span> <span class='ocrx_word' id='word_1_280' title='bbox 616 2789 684 2845; x_wconf 90' lang='lat' dir='ltr'>Inde</span> <span class='ocrx_word' id='word_1_281' title='bbox 705 2807 722 2846; x_wconf 89' lang='lat' dir='ltr'>a</span> <span class='ocrx_word' id='word_1_282' title='bbox 742 2790 817 2845; x_wconf 90' lang='lat' dir='ltr'>libro</span> <span class='ocrx_word' id='word_1_283' title='bbox 837 2790 962 2846; x_wconf 86' lang='lat' dir='ltr'>seeundo</span> <span class='ocrx_word' id='word_1_284' title='bbox 984 2789 1103 2845; x_wconf 81' lang='lat' dir='ltr'>Odorem</span> 
     </span>
     <span class='ocr_line' id='line_1_32' title="bbox 112 2869 1103 2944; baseline 0.005 -21"><span class='ocrx_word' id='word_1_285' title='bbox 112 2869 204 2925; x_wconf 88' lang='lat' dir='ltr'>omnia</span> <span class='ocrx_word' id='word_1_286' title='bbox 222 2870 257 2925; x_wconf 88' lang='lat' dir='ltr'>nd</span> <span class='ocrx_word' id='word_1_287' title='bbox 270 2887 347 2926; x_wconf 87' lang='lat' dir='ltr'>suum</span> <span class='ocrx_word' id='word_1_288' title='bbox 360 2871 489 2927; x_wconf 87' lang='lat' dir='ltr'>iudicium</span> <span class='ocrx_word' id='word_1_289' title='bbox 505 2873 681 2929; x_wconf 78' lang='lat' dir='ltr'>conformare</span> <span class='ocrx_word' id='word_1_290' title='bbox 693 2873 803 2944; x_wconf 91' lang='lat' dir='ltr'>coepit,</span> <span class='ocrx_word' id='word_1_291' title='bbox 825 2873 853 2927; x_wconf 93' lang='lat' dir='ltr'>in</span> <span class='ocrx_word' id='word_1_292' title='bbox 868 2874 952 2929; x_wconf 88' lang='lat' dir='ltr'>tertio</span> <span class='ocrx_word' id='word_1_293' title='bbox 964 2879 993 2928; x_wconf 92' lang='lat' dir='ltr'>et</span> <span class='ocrx_word' id='word_1_294' title='bbox 1004 2879 1103 2944; x_wconf 83' lang='lat' dir='ltr'>quurto</span> 
     </span>
     <span class='ocr_line' id='line_1_33' title="bbox 111 2950 1104 3016; baseline 0.004 -10"><span class='ocrx_word' id='word_1_295' title='bbox 111 2950 219 3008; x_wconf 79' lang='lat' dir='ltr'>Graeca</span> <span class='ocrx_word' id='word_1_296' title='bbox 240 2969 294 3008; x_wconf 88' lang='lat' dir='ltr'>nou</span> <span class='ocrx_word' id='word_1_297' title='bbox 315 2961 452 3011; x_wconf 89' lang='lat' dir='ltr'>mutuatus</span> <span class='ocrx_word' id='word_1_298' title='bbox 474 2962 518 3012; x_wconf 88' lang='lat' dir='ltr'>cst</span> <span class='ocrx_word' id='word_1_299' title='bbox 537 2956 591 3016; x_wconf 88' lang='lat' dir='ltr'>nisi</span> <span class='ocrx_word' id='word_1_300' title='bbox 613 2962 644 3010; x_wconf 87' lang='lat' dir='ltr'>nt</span> <span class='ocrx_word' id='word_1_301' title='bbox 659 2955 825 3012; x_wconf 86' lang='lat' dir='ltr'>Graecorum</span> <span class='ocrx_word' id='word_1_302' title='bbox 837 2957 1011 3013; x_wconf 81' lang='lat' dir='ltr'>suavitatem</span> <span class='ocrx_word' id='word_1_303' title='bbox 1031 2955 1104 3012; x_wconf 91' lang='lat' dir='ltr'>locis</span> 
     </span>
     <span class='ocr_line' id='line_1_34' title="bbox 111 3035 1152 3114; baseline 0.003 -25"><span class='ocrx_word' id='word_1_304' title='bbox 111 3035 276 3105; x_wconf 82' lang='lat' dir='ltr'>quibusdam</span> <span class='ocrx_word' id='word_1_305' title='bbox 298 3037 422 3094; x_wconf 85' lang='lat' dir='ltr'>adderet.</span> <span class='ocrx_word' id='word_1_306' title='bbox 468 3037 594 3094; x_wconf 84' lang='lat' dir='ltr'>Ceterum</span> <span class='ocrx_word' id='word_1_307' title='bbox 616 3054 686 3114; x_wconf 85' lang='lat' dir='ltr'>qpae</span> <span class='ocrx_word' id='word_1_308' title='bbox 701 3053 806 3110; x_wconf 81' lang='lat' dir='ltr'>genere</span> <span class='ocrx_word' id='word_1_309' title='bbox 824 3046 945 3112; x_wconf 80' lang='lat' dir='ltr'>poeseos</span> <span class='ocrx_word' id='word_1_310' title='bbox 963 3041 1103 3110; x_wconf 75' lang='lat' dir='ltr'>lyricae·</span> <span class='ocrx_word' id='word_1_311' title='bbox 1146 3094 1152 3104; x_wconf 75' lang='grc'>,</span> 
     </span>
     <span class='ocr_line' id='line_1_35' title="bbox 111 3115 1104 3193; baseline 0.003 -21"><span class='ocrx_word' id='word_1_312' title='bbox 111 3116 229 3174; x_wconf 86' lang='lat' dir='ltr'>Graecis</span> <span class='ocrx_word' id='word_1_313' title='bbox 245 3125 362 3176; x_wconf 88' lang='lat' dir='ltr'>tractata</span> <span class='ocrx_word' id='word_1_314' title='bbox 376 3121 403 3176; x_wconf 88' lang='lat' dir='ltr'>in</span> <span class='ocrx_word' id='word_1_315' title='bbox 421 3121 587 3193; x_wconf 80' lang='lat' dir='ltr'>epistoln&#39;ad</span> <span class='ocrx_word' id='word_1_316' title='bbox 598 3121 714 3178; x_wconf 87' lang='lat' dir='ltr'>Pisones</span> <span class='ocrx_word' id='word_1_317' title='bbox 725 3115 836 3182; x_wconf 76' lang='lat'><strong>83—85&#39;</strong></span> <span class='ocrx_word' id='word_1_318' title='bbox 851 3130 991 3193; x_wconf 87' lang='lat' dir='ltr'>recenset,</span> <span class='ocrx_word' id='word_1_319' title='bbox 1007 3124 1104 3178; x_wconf 88' lang='lat' dir='ltr'>cadem</span> 
     </span>
     <span class='ocr_line' id='line_1_36' title="bbox 110 3199 1105 3276; baseline 0.004 -22"><span class='ocrx_word' id='word_1_320' title='bbox 110 3199 173 3271; x_wconf 84' lang='lat' dir='ltr'>ipse</span> <span class='ocrx_word' id='word_1_321' title='bbox 188 3202 327 3272; x_wconf 87' lang='lat' dir='ltr'>excoluit,</span> <span class='ocrx_word' id='word_1_322' title='bbox 344 3203 373 3257; x_wconf 92' lang='lat' dir='ltr'>in</span> <span class='ocrx_word' id='word_1_323' title='bbox 389 3203 489 3274; x_wconf 88' lang='lat' dir='ltr'>quibus</span> <span class='ocrx_word' id='word_1_324' title='bbox 505 3205 630 3274; x_wconf 86' lang='lat' dir='ltr'>etiamsi,</span> <span class='ocrx_word' id='word_1_325' title='bbox 647 3203 694 3276; x_wconf 91' lang='lat' dir='ltr'>qui</span> <span class='ocrx_word' id='word_1_326' title='bbox 707 3206 763 3262; x_wconf 91' lang='lat' dir='ltr'>sibi</span> <span class='ocrx_word' id='word_1_327' title='bbox 779 3213 889 3262; x_wconf 89' lang='lat' dir='ltr'>tenuem</span> <span class='ocrx_word' id='word_1_328' title='bbox 905 3205 1030 3262; x_wconf 87' lang='lat' dir='ltr'>attribuit</span> <span class='ocrx_word' id='word_1_329' title='bbox 1044 3203 1105 3275; x_wconf 89' lang='lat' dir='ltr'>spi-</span> 
     </span>
     <span class='ocr_line' id='line_1_37' title="bbox 54 3280 1105 3362; baseline 0.002 -27"><span class='ocrx_word' id='word_1_330' title='bbox 54 3309 62 3317; x_wconf 86' lang='lat'><em>·</em></span> <span class='ocrx_word' id='word_1_331' title='bbox 111 3280 193 3338; x_wconf 86' lang='lat' dir='ltr'>ritum</span> <span class='ocrx_word' id='word_1_332' title='bbox 216 3284 318 3341; x_wconf 87' lang='lat' dir='ltr'>Gruiae</span> <span class='ocrx_word' id='word_1_333' title='bbox 334 3283 470 3342; x_wconf 79' lang='lat' dir='ltr'>Camenae</span> <span class='ocrx_word' id='word_1_334' title='bbox 491 3284 558 3361; x_wconf 76' lang='lat' dir='ltr'>(od,</span> <span class='ocrx_word' id='word_1_335' title='bbox 580 3287 621 3358; x_wconf 91' lang='lat' dir='ltr'>ll,</span> <span class='ocrx_word' id='word_1_336' title='bbox 643 3292 693 3357; x_wconf 83' lang='lat'>16,</span> <span class='ocrx_word' id='word_1_337' title='bbox 708 3284 774 3362; x_wconf 84' lang='lat'>38),</span> <span class='ocrx_word' id='word_1_338' title='bbox 799 3288 991 3344; x_wconf 82' lang='lat' dir='ltr'>inventoribus</span> <span class='ocrx_word' id='word_1_339' title='bbox 1014 3287 1105 3344; x_wconf 83' lang='lat' dir='ltr'>minor</span> 
     </span>
     <span class='ocr_line' id='line_1_38' title="bbox 111 3359 1106 3442; baseline 0.001 -22"><span class='ocrx_word' id='word_1_340' title='bbox 111 3359 186 3437; x_wconf 83' lang='lat' dir='ltr'>(Set.</span> <span class='ocrx_word' id='word_1_341' title='bbox 205 3367 229 3437; x_wconf 91' lang='lat' dir='ltr'>l,</span> <span class='ocrx_word' id='word_1_342' title='bbox 247 3375 290 3438; x_wconf 90' lang='grc'>10,</span> <span class='ocrx_word' id='word_1_343' title='bbox 306 3364 355 3442; x_wconf 83' lang='grc'>48)</span> <span class='ocrx_word' id='word_1_344' title='bbox 371 3367 577 3440; x_wconf 85' lang='lat' dir='ltr'>conspicietur,</span> <span class='ocrx_word' id='word_1_345' title='bbox 598 3375 689 3426; x_wconf 86' lang='lat' dir='ltr'>tamcn</span> <span class='ocrx_word' id='word_1_346' title='bbox 710 3370 739 3426; x_wconf 89' lang='lat' dir='ltr'>in</span> <span class='ocrx_word' id='word_1_347' title='bbox 762 3387 797 3426; x_wconf 89' lang='lat' dir='ltr'>eo</span> <span class='ocrx_word' id='word_1_348' title='bbox 819 3369 996 3440; x_wconf 79' lang='lat' dir='ltr'>agnoscimus</span> <span class='ocrx_word' id='word_1_349' title='bbox 1015 3366 1106 3422; x_wconf 83' lang='lat' dir='ltr'>maxi·</span> 
     </span>
    </p>
   </div>
   <div class='ocr_carea' id='block_1_7' title="bbox 0 0 1268 3942">
    <p class='ocr_par' dir='ltr' id='par_1_7' title="bbox 0 0 1268 3942">
     <span class='ocr_line' id='line_1_39' title="bbox 0 0 1268 3942; baseline 0 0"><span class='ocrx_word' id='word_1_350' title='bbox 0 0 1268 3942; x_wconf 95' lang='lat' dir='ltr'> </span> 
     </span>
    </p>
   </div>
  </div>
 </body>
</html>
