2525 3942
99 236 305 309 ,spernas
450 234 459 249 2
488 233 670 296 ιιιιιιιιιι.
982 281 988 292 .
1021 238 1085 301 ase
1162 183 1168 189 ¹

115 381 245 457 „Vivere
257 384 281 442 si
292 393 371 443 reete
381 386 494 461 neseis,
510 385 619 446 deeede
631 388 741 463 peritis.

115 462 243 540 „Lusisti
255 467 339 542 satis,
356 466 439 526 edisti
451 471 615 547 satis'atque
629 470 740 531 bibisti:

116 545 265 624 „Tempus
275 550 354 608 abire
364 550 415 609 tibi
427 560 485 627 est,
501 570 539 611 ne
551 561 647 630 potum
662 552 768 630 largius
780 569 872 632 aeque
995 614 999 619 ,
1020 560 1082 621 215

114 629 242 707 „Rideat
253 640 282 690 et
294 632 388 709 pulset
399 633 504 693 lasciva
515 636 662 695 decentius
672 638 786 695 aetas.“

416 956 680 1014 ,Ermum
694 959 769 1014 111.

483 1061 531 1114 AD
554 1061 721 1115 PISONES.

177 1133 279 1239 pungo
303 1144 436 1224 ursus
460 1170 514 1222 urs
538 1170 659 1223 nnus
686 1170 879 1225 pessuma
905 1171 1012 1241 arcem]

111 1287 239 1349 Humano
252 1292 337 1368 eapiti
349 1291 489 1348 eei-ricem
502 1292 596 1367 pietur
608 1292 738 1368 equinam

112 1372 235 1449 Iungere
250 1374 275 1431 si
283 1371 369 1446 velit,
389 1380 417 1430 et
427 1373 521 1431 uarias
533 1372 668 1432 indn‘eere
680 1373 788 1449 plumas

87 1476 93 1481 ·
113 1454 243 1532 Undique
255 1454 366 1515 nolletis
379 1455 528 1529 membris,
547 1464 577 1514 ut
590 1456 712 1531 turpiter
722 1464 810 1514 atrurn

112 1537 232 1600 Desinat
241 1538 270 1597 in
281 1538 389 1615 piseem
400 1536 501 1596 mulier
514 1538 639 1597 iormo'sa
650 1554 786 1626 superne:

86 1686 91 1706 x
113 1621 277 1697 Spectatum
288 1620 402 1679 admissi
411 1621 498 1677 risum
510 1621 645 1695 teneatis,
659 1617 761 1678 amisii

114 1702 244 1779 Credite,
261 1702 398 1779 Pisones,
415 1703 461 1761 isti
473 1701 585 1761 tabuiae
595 1702 658 1760 fore
668 1701 770 1760 librum
797 1748 798 1755 ,

72 1786 81 1805 ’
113 1786 304 1862 Persuadent,
317 1787 413 1860 euius,
433 1785 511 1843 veiut
522 1786 601 1861 aegri
613 1785 738 1858 somnia,
754 1800 842 1843 vanae

49 1884 52 1887 ’
111 1868 269 1947 Fingentur
279 1870 412 1950 speeies,
428 1875 460 1925 ut
470 1884 525 1926 nee
536 1883 589 1943 pes
600 1883 656 1925 nee
667 1874 752 1943 eaput
762 1867 809 1923 uni

67 2006 75 2017 .
111 1951 255 2012 Reddatur
266 1951 384 2009 iormae.
406 1948 690 2027 5'Pieturibusatque
705 1950 800 2026 potitis

113 2033 259 2106 Quidlibet
269 2032 389 2093 audendi
404 2050 519 2110 semper
529 2032 583 2092 init
592 2040 684 2111 aequa
696 2040 832 2110 potestas.
1040 2038 1082 2098 10

111 2117 269 2190 ficimus,
291 2124 320 2174 et
329 2116 521 2175 haneueniam
531 2116 711 2194 petimusque
723 2114 877 2196 demusque
886 2118 1022 2194 nieissim,
1104 2184 1107 2187 ,

112 2198 238 2270 Sedlnen
250 2206 280 2257 ut
293 2198 413 2276 piaeidis
425 2206 529 2258 cedant
540 2200 672 2275 immitia,
686 2216 742 2259 ιιοιι
753 2207 783 2258 ut
1096 2200 1104 2207 “

1 2287 2 2292 ’
111 2282 268 2359 Serpentes
282 2282 382 2343 avibus
392 2284 584 2359 geminentur,
599 2282 720 2359 tigribus
732 2284 827 2359 agni..

109 2363 235 2441 Ineeptis
246 2366 380 2442 gravibus
392 2365 559 2442 pierumque
571 2372 711 2441 etmagna
723 2365 861 2441 proiessis

1 2517 2 2520 Ἴ
110 2447 289 2524 Purpureus,
304 2446 362 2506 iate
372 2446 598 2524 qui-splendeat,
614 2464 688 2506 unus
700 2456 729 2506 et
738 2447 810 2506 alter
1039 2439 1080 2511 1‘5

110 2531 243 2589 Assuitur
256 2545 382 2605 pannus,
396 2545 459 2585 eum
471 2529 553 2587 luens
565 2538 594 2586 et
605 2546 654 2587 ara
664 2528 772 2587 [tianae

82 2627 86 2636 ¹
110 2611 147 2671 Et
159 2612 337 2688 properantis
349 2626 440 2686 aquae
451 2626 652 2686 peramoenus
663 2610 782 2670 ambitus
794 2627 890 2687 agros,

110 2695 167 2752 Aut
177 2692 280 2752 flumen
291 2691 434 2767 Rhenum,
453 2701 501 2750 aut
511 2692 624 2768 pluvius
637 2692 806 2795 ‹10an
816 2710 913 2762 arcus,

67 2821 71 2825 .
112 2774 170 2835 Sed
179 2791 255 2835 nune
263 2792 321 2834 nen
332 2783 392 2834 erat
402 2774 447 2833 his
458 2774 550 2834 loeus.
568 2773 605 2834 Et
617 2774 741 2835 fortasse
752 2792 919 2853 cupressum

111 2860 175 2918 Seis
190 2856 338 2917 simulare:
358 2858 425 2935 quid
435 2858 510 2932 hoe,
527 2859 552 2917 si
567 2857 664 2918 daetis
679 2867 771 2918 enatat
782 2876 888 2936 exspes
922 2854 930 2871 ‘
1040 2860 1083 2921 20

64 2984 73 3014 ,
110 2942 253 3017 Navibus,
270 2959 338 3001 aere
349 2940 415 3000 date
429 2944 477 3019 qni
490 2938 634 3019 pingitur?
647 2942 791 3018 Amphora
803 2944 899 3019 eoepit

1 3007 2 3054 ³
109 3024 234 3085 instituis
252 3033 382 3088 currente
392 3032 454 3083 rota
466 3041 518 3083 eur
530 3042 634 3083 ureeus
646 3022 726 3085 exiti
767 3089 776 3111 ι

1 3125 2 3132 “
109 3109 242 3184 Denique
253 3108 423 3185 sit-quidvis
449 3106 572 3183 simplex
580 3106 719 3167 ‘duntaxat
729 3114 758 3165 et
768 3106 862 3165 unum.
976 3158 978 3163 .

110 3190 231 3250 Maxima
243 3206 309 3267 pars
318 3198 429 3263 vatum,
443 3197 564 3265 pateret
575 3189 694 3249 invenes
709 3198 789 3266 patre
800 3187 888 3266 digni,
1077 3250 1083 3255 ,
1163 3262 1164 3269 ¹

110 3273 278 3349 Decipimur
287 3272 387 3350 speeie
398 3270 479 3330 recti.
501 3270 601 3330 Brevis
615 3288 682 3331 esse
693 3271 803 3346 laboro,
981 3276 983 3281 '
1040 3271 1081 3329 25
