2525 3942
208 224 269 288 188
589 226 807 288 SATIRARUbl
915 264 920 271 ·
1057 230 1129 306 [saa
1139 230 1182 308 4.)

291 378 338 441 Nil
349 380 404 440 nisi
415 379 480 439 lene
492 379 589 439 tleeet:
599 379 657 438 leni
668 378 835 456 praecordia
846 379 937 438 mulso

290 462 434 523 Prolueris
446 462 558 521 melius.
581 461 612 521 Si
626 460 695 521 dura
706 462 859 522 morabitur
869 460 960 539 alvus,

289 545 403 606 ilitulus
419 554 448 605 at
457 545 531 605 viles
542 544 648 623 pellent
659 544 799 605 obstantia
810 544 938 609 conchae

289 628 327 688 Et
337 628 441 707 lapathi
452 628 547 687 breuis
560 628 662 703 herba,
680 627 732 686 seu
743 626 808 687 albo
819 644 875 687 non
885 629 949 687 sino
960 626 1034 692 Coo.

226 713 270 775 30
289 711 409 771 Lubrica
419 720 571 772 nascentes
581 709 699 788 implent
711 711 862 789 conchylia
871 710 968 778 lunae:

288 792 348 854 Sed
360 811 417 854 non
428 811 511 853 omna
522 812 600 855 mare
611 803 657 854 est
666 811 828 871 generosae
838 793 932 854 fertile
943 802 1047 855 testae:

287 876 397 937 Murius
410 876 516 937 Baiano
527 876 629 937 melior
641 876 759 937 Lucrina
774 876 893 955 peloris,

289 958 391 1020 Ostrea
405 958 542 1035 (lirooiia,
558 958 670 1019 lliseno
687 961 814 1019 oriuntur
826 960 929 1034 echini,

287 1042 449 1103 l'eetinibus
460 1042 563 1120 patulis
574 1044 659 1103 iactat
670 1059 704 1101 se
714 1041 800 1101 mullo
812 1040 970 1102 Tarentum.

149 1179 153 1185 .
225 1122 264 1185 35
287 1124 417 1185 Neoribi
434 1142 586 1185 ooenarum
600 1126 694 1203 quivis
709 1132 816 1184 temere
828 1133 942 1202 arroget
955 1134 1053 1203 artem,
1087 1124 1095 1137 “
1220 1120 1224 1129 ’

287 1206 353 1267 Non
368 1208 446 1285 prius
454 1217 554 1267 exacta
567 1208 644 1267 tenui
656 1209 766 1267 ratione
776 1224 919 1285 saporum.

287 1289 351 1350 Neo
361 1291 429 1350 satis
441 1299 503 1365 est,
520 1307 584 1351 oara
598 1291 697 1368 pisoos
707 1308 840 1352 averrere
852 1306 949 1349 mensa

286 1371 432 1451 marum,
446 1373 549 1451 quibus
561 1381 606 1432 est
616 1375 661 1433 ius
673 1375 765 1452 aptius
778 1374 920 1451 atquibus
934 1376 1006 1433 assis

285 1454 446 1533 languidus
457 1456 622 1515 incubitum
633 1458 688 1515 iam
699 1474 732 1515 se
745 1458 865 1516 eonviva
874 1466 1004 1534 reponet.

223 1533 265 1597 40
285 1536 392 1599 Umber
406 1546 436 1597 ot
449 1538 536 1616 iligna
545 1540 666 1600 namtas
678 1538 782 1617 glande
793 1538 927 1599 rotundas

286 1619 392 1681 Currat
401 1637 472 1699 aper
485 1620 581 1682 laneas
593 1638 705 1682 earnem
719 1623 832 1681 ritanm
846 1622 977 1682 inertem:

152 1732 156 1740 ·
239 1739 250 1747 -
284 1701 356 1763 itam
365 1702 588 1765 lauransmalus
601 1714 660 1782 est,
679 1704 753 1765 uluis
773 1713 802 1765 et
816 1704 950 1764 mondino
962 1704 1086 1782 pinguis.

284 1786 373 1846 Vinea
386 1785 523 1848 submittit
533 1805 654 1866 eaproas
664 1802 721 1847 non
732 1804 847 1865 semper
857 1786 967 1847 adulas.

284 1868 436 1931 lleoundao
446 1870 557 1950 leporis
569 1871 685 1950 sapiens
697 1871 852 1931 sectabitur
863 1886 967 1933 armos.

219 1946 261 2014 45
283 1950 413 2013 Piscibus
426 1962 512 2032 atquo
523 1954 623 2015 avibus
639 1972 712 2033 quao
728 1962 824 2015 natura
836 1961 864 2014 ot
875 1954 951 2013 foret
962 1960 1053 2028 aetas,

282 2034 357 2095 Anto
371 2054 465 2096 meum
478 2037 547 2097 nulli
560 2039 649 2115 patuit
660 2040 787 2117 quaesita
799 2035 930 2117 palatum.

283 2117 354 2177 Sunt
365 2136 484 2197 quornm
496 2120 641 2197 ingenium
648 2136 722 2180 nova
733 2127 837 2179 tantum
849 2117 972 2178 orustula
984 2119 1102 2195 promit:

282 2198 468 2277 Nequaquam
479 2204 548 2260 satis
560 2203 589 2260 in
598 2219 632 2261 ro
645 2218 699 2260 una
714 2217 882 2261 consumare
897 2218 1001 2275 euram,

282 2280 356 2341 Utri
367 2284 432 2359 quis
447 2281 539 2342 solum
549 2283 622 2359 hoe,
635 2282 707 2343 mala
718 2300 754 2341 no
767 2284 823 2342 sint
833 2284 914 2361 vina,
928 2281 1049 2359 laboret,

219 2362 262 2427 60
284 2361 369 2435 Quali
378 2364 529 2441 perfundat
539 2368 639 2443 pisces
651 2382 770 2425 soourus
782 2364 869 2425 oliuo.

282 2444 405 2506 llassioa
418 2449 444 2507 si
459 2447 544 2507 coelo
555 2464 701 2527 supponas
712 2450 777 2509 rina
788 2466 892 2509 sorano

281 2526 444 2607 Nocturna,
463 2532 488 2589 si
502 2531 570 2609 quiri
581 2534 671 2593 orarsl
683 2540 745 2609 ost,
755 2532 917 2593 tenuabitur
926 2537 1003 2608 aura,

280 2610 319 2673 lit
329 2612 452 2673 decedet
465 2613 538 2675 odor
546 2617 644 2676 nervis
656 2617 799 2684 inimicus:
811 2624 839 2675 at
849 2615 897 2676 illa

280 2693 425 2775 lnteqrom
436 2698 556 2775 perdunt
566 2697 626 2760 lino
637 2701 734 2759 vitiata
746 2715 887 2778 saporem.

217 2778 258 2843 65
281 2778 444 2842 Surrentina
454 2782 536 2842 valer
546 2784 595 2860 qui
606 2784 708 2841 misoet
718 2780 801 2841 laeoo
813 2779 932 2840 Falerna

279 2861 366 2939 Vina,
383 2862 545 2924 columbino
557 2864 653 2923 bunum
663 2864 738 2921 bene
753 2861 864 2937 oolligit
879 2877 947 2935 ovo,

281 2942 427 3016 Quatenus
439 2948 494 3004 ima
506 2947 577 3022 petit
585 2943 707 3003 voluens
721 2942 812 3002 aliona
822 2941 947 3000 vitellus.

279 3024 376 3087 l'ostir
386 3033 558 3085 marcentem
571 3024 683 3103 squillis
694 3023 839 3083 recreabis
853 3032 881 3085 et
891 3024 960 3085 Atra

280 3108 416 3168 Potororn
430 3106 563 3167 cochlea:
579 3123 643 3167 nam
653 3104 764 3165 laetuoa
776 3108 878 3167 innatat
889 3109 947 3168 aeri
1009 3136 1015 3147 ·

214 3197 258 3255 60
278 3189 347 3248 Post
356 3190 452 3248 uinum
462 3189 626 3258 stomaobor
651 3206 740 3267 perna
759 3192 848 3268 magis
859 3209 893 3252 ao
904 3192 994 3269 magis
1005 3189 1081 3251 billis

277 3270 400 3347 Flagitat
408 3271 559 3331 immorans
569 3272 667 3352 reflui,
685 3274 752 3351 quin
763 3275 853 3334 omnia
865 3276 951 3353 malit,
