2525 3942
554 216 817 279 nrrsuonanuu
998 222 1099 300 [aare
1113 182 1195 298 ιη

508 418 757 475 nersnonn
774 419 859 502 xm.

373 530 380 563 ν
540 526 597 577 aa
626 525 823 577 iccium.

196 637 201 648 ’
280 646 430 709 Fructibus
444 645 591 723 Agrippae
602 644 726 721 Siculis,
747 660 821 722 quos
832 642 964 721 colligis,
981 645 1051 724 loci,

280 733 311 791 Si
322 739 402 790 recte
413 730 532 805 inieris,
547 746 605 788 non
617 738 703 787 estut
714 728 901 805 copiamaior

194 879 202 888 ,
278 814 324 875 Ab
335 812 406 873 lore
417 813 513 872 donari
526 814 618 891 possit
629 812 693 871 tibi.
714 810 796 870 Tolle
808 808 953 889 querelas:

225 950 231 958 .
279 897 390 976 Pauper
400 898 474 958 enim
485 912 542 955 non
553 905 618 971 ests
631 898 677 954 oui
690 914 784 954 rerum
798 894 924 971 suppetit
934 910 1013 951 usus.

237 982 311 1042 ost
324 981 414 1057 ventri
425 979 515 1055 hone,
533 981 559 1037 si
571 980 652 1037 lateri
665 987 711 1037 est
720 978 898 1055 pedibusque
909 977 981 1051 tuis,
999 974 1038 1033 nil

279 1063 402 1123 Divitiae
414 1070 545 1139 poterunt
554 1061 669 1138 regales
680 1060 785 1120 addere
796 1062 894 1120 maius.

281 1148 412 1221 sirone,
435 1144 568 1204 inmedio
583 1145 741 1221 positorum
754 1144 922 1219 abstemius,
943 1140 1038 1201 herbis
1101 1204 1105 1211 ,

205 1247 211 1258 ’
279 1229 359 1287 Vivis
372 1238 400 1287 ot
412 1229 515 1303 urtica,
532 1229 574 1286 sio
584 1228 667 1286 vives
678 1229 822 1304 protinus,
835 1234 905 1285 utta

281 1310 437 1371 Confestim
448 1309 572 1388 liquidus
582 1311 713 1370 fortunae
724 1313 802 1369 rivus
811 1312 930 1385 inauret,

218 1397 266 1459 10'
277 1394 332 1453 Vel
345 1397 410 1472 quia
423 1402 547 1453 naturam
558 1402 665 1453 mutare
677 1396 798 1473 pecunia
808 1396 911 1469 nescit,

151 1504 156 1511 ’
278 1478 332 1537 Vel
349 1481 413 1555 quia
429 1486 530 1537 cuncta
540 1487 624 1554 potas
634 1466 688 1555 un⁸a
698 1479 802 1536 virtute
812 1478 930 1536 minora.

278 1560 428 1637 Miramur,
446 1563 470 1619 si
481 1560 637 1620 Democriti
651 1578 740 1638 pecus
754 1560 813 1620 edit
822 1559 933 1637 agellos

280 1643 436 1722 Cultaque,
457 1643 521 1703 dum
533 1662 655 1722 peregre
674 1653 718 1703 est
734 1646 842 1703 animus
854 1646 916 1703 sine
929 1638 1050 1721 corpora
1059 1642 1163 1714 velox;

231 1793 240 1803 x
279 1726 474 1789 Cumtuinter
484 1728 609 1787 scabiem
619 1737 722 1787 tantam
733 1736 762 1787 et
774 1728 906 1805 contagia
916 1725 987 1787 lucri

150 1835 159 1849 ⁴
215 1817 255 1887 15
277 1810 325 1871 Nil
336 1828 452 1889 parrum
464 1812 560 1888 sapias
571 1820 600 1870 et
611 1810 703 1871 adhuc
715 1811 844 1871 sublimia
858 1828 955 1869 cures:

174 1963 195 1984 χ
278 1894 359 1969 Quae
370 1912 446 1953 mare
459 1902 642 1970 compereant
653 1912 770 1971 causae,
790 1894 856 1971 quid
868 1901 1008 1970 temperet
1019 1910 1131 1969 annum,

277 1971 383 2038 Stellae
394 1986 559 2056 spontesua
569 1980 701 2036 iussaene
713 1986 850 2055 vagentur
862 1985 891 2035 et
905 1983 1008 2052 errent,

277 2061 352 2134 Quid
364 2070 473 2138 premat
483 2060 635 2129 obscurum
650 2058 763 2136 honae,
778 2059 846 2137 quid
856 2060 985 2136 proferat
995 2059 1104 2137 arten,
1164 2082 1171 2092 “
1211 2134 1219 2140 .

277 2143 353 2216 Quid
363 2143 433 2203 velit
444 2152 472 2201 et
484 2146 576 2219 possit
585 2162 679 2201 rerum
691 2143 844 2202 concordia
857 2142 978 2218 discors5

214 2233 256 2293 20
275 2224 685 2303 EmpedoolssanStertinium
697 2223 798 2283 deliret
809 2224 947 2284 acumen?
1004 2276 1008 2283 .
1160 2282 1174 2289 ,.

275 2307 380 2367 Verum
392 2305 443 2367 seui
454 2308 552 2383 pisces
563 2324 613 2365 seu
626 2322 740 2384 porrum
753 2316 781 2366 et
796 2324 886 2383 caepe
897 2307 1031 2383 trucidas,
1251 2272 1254 2461 1

275 2391 362 2451 Utere
374 2390 509 2467 Pompeio
521 2386 654 2468 Grospho
666 2398 709 2467 et,
726 2392 750 2449 si
763 2390 830 2468 quid
841 2398 934 2468 petet,
948 2389 1022 2449 ultro

274 2474 378 2534 Deler:
394 2472 434 2533 nil
447 2470 593 2550 Grosplnus
604 2476 659 2533 nisi
670 2492 769 2533 verum
780 2473 912 2534 orabitet
922 2491 1052 2552 aequam.
1107 2540 1110 2552 Ι

273 2558 346 2617 Vilis
357 2558 510 2617 amicorum
523 2567 568 2616 est
578 2574 703 2635 annona,
721 2559 804 2618 bonis
816 2559 864 2618 ubi
878 2558 946 2635 quid
957 2556 1048 2630 deest.

212 2644 252 2705 25
274 2640 566 2719 Netamenignores‚
587 2656 645 2719 quo
656 2644 693 2701 sit
703 2642 830 2702 Romana
840 2642 908 2701 loco
918 2658 981 2701 res:

274 2722 415 2784 Cantaber
425 2722 587 2804 Agrippae,
609 2723 709 2785 Claudi
721 2728 825 2786 virtute
836 2724 957 2783 Neronis
1250 2672 1254 2837 4

274 2808 422 2867 Armenius
438 2808 556 2876 cecidit;
574 2810 618 2867 ius
630 2812 836 2887 imperiumque
846 2805 979 2865 Phraates

274 2888 406 2950 Caesaris
420 2894 533 2970 accepit
541 2893 665 2967 genibus
681 2894 885 2958 rninoraaursa
896 2888 996 2963 fruges

192 2976 195 2981 ’
273 2969 370 3031 Italiae
383 2974 471 3050 pleno
481 2972 607 3032 defundit
619 2960 710 3051 Copia
722 2990 819 3031 cornu.
1084 2969 1087 2971 ’

597 3208 745 3215 ----·..-.-.
