2525 3942
7 259 8 274 ι
101 233 169 308 [sn.
182 216 219 309 sl]
451 179 457 194 ¹
490 229 650 293 umuuu.

99 381 226 441 Aedibus
239 400 275 443 ex
284 385 394 461 magnis
406 382 500 443 subito
512 401 545 442 se
557 381 711 459 conderet,
726 382 800 443 unde

98 462 229 525 llundior
239 468 330 527 exiret
340 468 389 526 vix
399 464 546 526 libertinus
557 465 692 535 honeste;

99 546 157 608 lam
168 549 306 609 moechus
317 550 442 627 Romae,
459 551 514 609 iam
524 548 619 607 mallet
630 545 864 609 doctor-Athenis

98 631 221 709 Vivere,
234 631 413 710 Vertumnis,
429 640 569 711 quotquot
582 640 662 707 suut,
678 639 759 690 natus
771 631 884 709 iniquis.

98 713 201 774 Scurra
213 714 400 793 Valamerius,
418 724 568 794 postquam
583 713 624 774 illi
635 717 710 773 iusta
720 714 856 791 cheragra
1026 720 1064 782 15
1132 758 1136 775 .

4 829 5 856 ;
98 796 232 869 Contudit
246 798 399 875 articulos,
413 801 464 877 vqui
476 816 528 877 pro
538 816 573 866 se
584 797 699 858 tolleret
709 805 795 875 atque
966 789 970 812 ¹

95 878 221 939 Mitteret
235 882 264 940 in
275 881 398 959 phimum
409 882 499 958 talos,
515 880 650 957 mercede
662 878 759 940 diurna
796 882 805 953 J

83 960 273 1034 ;Gonduetum
284 967 375 1041 pavit:
394 973 497 1044 quanto
510 965 686 1026 constantior
700 962 791 1023 isdem

95 1043 128 1105 Iu
138 1046 231 1123 vitiis,
245 1055 322 1106 tanto
333 1047 425 1107 levius
436 1050 567 1108 miserae
580 1048 659 1127 prior
669 1044 730 1123 illo,

96 1127 152 1199 Qui
162 1130 217 1198 iam
229 1124 379 1208 contento,
393 1133 446 1191 iam
459 1130 523 1191 laxo
536 1131 603 1190 fuae
614 1129 733 1209 laborat.
862 1148 865 1153 ·
1008 1140 1065 1201 ,20
1146 1178 1149 1183 .

94 1208 239 1271 Hecllou
250 1212 329 1273 dices
341 1214 438 1291 hodie,
450 1232 587 1294 quorsum
597 1213 670 1273 haec
681 1222 737 1273 tam
748 1212 845 1290 putida
855 1211 980 1289 tendant,
1088 1234 1092 1239 ·

1 1324 7 1331 ·
95 1292 251 1355 Furcilcrl'
269 1296 462 1375 DomAdte,
485 1300 608 1376 inquam.
630 1296 705 1358 Her.
721 1295 786 1369 Quo
798 1305 894 1373 pacto,
914 1312 981 1375 pes-

601 1377 694 1464 sime?
715 1377 917 1440 Doc.Laudas

93 1456 243 1519 Fortunam
256 1470 284 1519 et
295 1477 390 1526 mores
402 1465 532 1540 antiquae
548 1462 661 1540 plebis,
680 1470 710 1521 et
720 1461 806 1537 idem,

94 1543 201 1621 Siquis
218 1542 254 1603 ad
265 1542 312 1603 illa
327 1543 398 1603 deus
409 1544 502 1604 subito
517 1554 546 1603 te
560 1553 644 1622 agat,
661 1562 753 1622 usque
764 1560 894 1619 recuses,

92 1625 150 1685 Aut
160 1627 227 1704 quia
238 1644 296 1686 uon
307 1628 414 1705 sentis,
428 1628 505 1705 quod
517 1628 633 1699 clamas,
647 1629 753 1686 rectius
765 1644 842 1702 esse,
977 1670 982 1677 -
1023 1626 1063 1692 25
1116 1672 1119 1689 1

91 1708 149 1768 Aut
163 1711 295 1788 quianon
307 1711 521 1771 lirmusrectum
533 1709 674 1785 defendis,
688 1709 829 1771 ethaeros

23 1817 27 1821 <
91 1791 291 1871 Nequidquam
302 1812 394 1854 coeno
407 1797 527 1873 cupiens
539 1792 666 1853 evellere
680 1791 811 1871 plantam.

91 1874 200 1936 Romae
210 1895 259 1936 rus
272 1886 370 1955 optas3
382 1878 529 1938 absentem
541 1878 665 1936 rusticus
677 1875 776 1935 urbem

92 1957 181 2019 'follis
192 1960 228 2019 ad
239 1969 314 2021 astra
325 1960 407 2021 levis.
441 1961 472 2029 Si
487 1978 625 2039 nusquam
638 1978 670 2019 es
687 1959 762 2019 forte
776 1964 894 2017 vocatus

90 2041 137 2101 Ad
149 2058 282 2119 coenam,
295 2043 393 2105 laudas
404 2062 537 2116 securum
549 2043 670 2120 elusae,
685 2042 761 2102 velut
774 2058 894 2119 usquam
1022 2047 1064 2108 30

91 2124 209 2190 Vinctus
221 2144 287 2203 eas,
300 2129 379 2187 itate
391 2126 506 2187 felicem
518 2127 589 2187 dieis
601 2136 749 2205 amasque,

92 2206 177 2280 Quod
186 2227 324 2287 nusquam
334 2210 385 2270 tihi
396 2212 433 2270 sit
448 2210 611 2289 potandum.
631 2206 842 2271 Iussoritadse
880 2208 898 2237 ⁰

90 2289 243 2353 ldaeceuas
258 2312 353 2353 serum
364 2293 416 2354 sub
428 2294 532 2355 lumina
564 2296 634 2354 rima
644 2293 743 2363 venire

92 2373 263 2435 Convivam:
281 2376 425 2453 „Ncmou'
437 2377 534 2438 oleum
544 2311 621 2437 leret
635 2370 738 2461 ocius?
750 2373 851 2453 ecquis

91 2455 245 2533 „duditl“
260 2476 324 2518 cum
338 2478 441 2537 magno
452 2459 575 2520 blateras
587 2458 711 2520 clamore
722 2458 867 2535 fugisque.

90 2538 213 2599 dlulv‘ius
225 2550 254 2599 et
264 2558 398 2616 scurrae,
413 2542 465 2601 tihi
475 2557 532 2601 aon
543 2541 693 2602 referenda
707 2540 825 2617 precati,

89 2621 259 2681 Discedunt.
282 2621 420 2698 „Etenim
433 2623 526 2683 fateor
535 2625 605 2682 mc“
617 2623 719 2681 dixerit
730 2620 794 2690 ille,

91 2703 189 2789 „lluci
201 2712 299 2764 venue
311 2703 424 2783 levem,
436 2723 536 2765 nasum
549 2704 650 2778 nidore
661 2705 789 2781 supiacr,

90 2785 290 2863 „linbecillus,
309 2790 397 2863 iners,
410 2791 435 2849 si
446 2787 580 2867 quidvis,
592 2787 676 2865 adde,
689 2786 807 2864 papiae.
905 2782 917 2815 ‘·

89 2868 157 2947 „l'u
168 2887 232 2929 cum
243 2871 284 2930 sis
295 2870 374 2949 quod
387 2888 444 2950 ego
456 2880 485 2931 et
495 2870 627 2931 fortassis
638 2871 770 2950 nequior,
783 2866 857 2929 ultro

88 2951 262 3029 „insectere
272 2954 352 3014 velut
361 2953 478 3031 melior,
491 2955 646 3033 verbisque
658 2952 772 3013 decoris

87 3034 258 3111 „Obrolvas
269 3034 411 3101 vitiuml“
430 3037 520 3113 Quid,
534 3040 558 3097 si
569 3056 615 3097 me
631 3035 745 3097 stultior
757 3037 823 3113 ipso

88 3117 258 3196 Quingentis
269 3128 346 3180 emto
358 3119 498 3182 mmhmis
513 3116 721 3200 deprenderis?
734 3118 825 3181 Aufer

84 3199 134 3260 lle
143 3200 222 3261 vultu
233 3210 356 3273 terream
371 3221 482 3264 manum
493 3204 726 3283 stomachumque
737 3211 846 3281 teneto,

24 3363 37 3381 ἢ
84 3282 170 3362 Dum,
186 3302 260 3364 quae
271 3284 397 3365 Crispini
411 3286 507 3347 decuit
517 3305 563 3347 me
574 3288 687 3364 ianitor,
701 3284 767 3347 edo.
