2525 3942
592 220 746 322 EPODON

386 375 424 436 Et
437 359 508 436 cuia
521 375 586 434 rina
598 381 647 433 aut
656 371 770 448 Lesbia,

333 460 407 534 Vel,
426 459 503 537 quod
514 457 648 518 fluentem
661 463 794 536 nauseam
810 463 954 532 coerceat,

386 542 488 602 Metire
500 541 584 602 nabis
595 538 775 600 Caecubum.

977 225 1166 318 [cuamop

334 625 437 688 Ouram
448 626 610 702 metumque
625 621 758 685 Caesaris
772 641 866 706 rerum
880 623 957 684 iuvat
1031 664 1033 667 -
1089 632 1094 640 ·

384 709 469 771 Dulci
480 706 576 784 Lyaeo
589 707 713 769 solvere.
757 767 759 777 ,

592 850 740 862 -..β-

554 995 680 1067 xcum
708 997 753 1052 x.

310 1155 315 1165 .
382 1099 436 1152 ru
464 1095 944 1155 ussuruurouuuu.

331 1217 405 1283 Mala
418 1217 511 1277 saluta
520 1218 600 1283 nauis
612 1216 671 1276 exit
681 1214 758 1291 alite,

381 1298 629 1360 Fereus¹0lcntem
639 1297 794 1360 Maeuium:

162 1374 166 1378 ⁴
259 1432 263 1435 .
331 1375 369 1444 Ut
383 1383 505 1443 horridis
520 1390 669 1460 utrumque
680 1382 816 1442 verberes
830 1353 920 1462 latusJ

258 1534 261 1537 ,
380 1467 500 1542 Auster,
513 1460 654 1525 memento
670 1463 816 1524 iluctibus!

333 1549 424 1628 Niger
435 1549 569 1617 rudentes
584 1547 678 1608 Eurus
689 1549 803 1608 inverso
814 1553 883 1610 mari

334 1636 336 1643 '
380 1633 663 1712 Fractasquercmos
677 1631 800 1700 differat3

330 1715 459 1794 Insurgat
470 1715 592 1795 Aquila,
612 1722 732 1797 quantus
744 1715 808 1776 altis
819 1719 960 1778 montibus

380 1799 495 1877 Frangit
510 1808 663 1859 trementes
675 1795 771 1868 ilicem

329 1881 392 1942 Nec
405 1884 484 1942 sidus
495 1893 555 1943 atra
565 1887 652 1942 noete
664 1884 783 1960 amicum
794 1893 940 1961 appareat,

380 1965 443 2039 Qua
454 1969 542 2026 tristis
555 1965 643 2026 Oribn
655 1965 743 2033 cadit;

330 2047 478 2121 Quietiora
492 2068 545 2109 uec
557 2049 663 2109 ieratur
673 2064 810 2125 aequore,
855 2071 857 2081 ’

380 2131 469 2206 Quam
482 2131 564 2192 Graia
575 2134 714 2191 victorum
726 2150 834 2208 manus,

252 2238 254 2245 ·
331 2213 401 2274 Cum
413 2214 503 2274 Pallas
517 2216 678 2290 ustolrertit
691 2216 760 2274 iram
771 2215 806 2273 ab
817 2213 870 2274 llio

380 2297 412 2356 ln
425 2299 538 2373 impiam
548 2296 645 2355 Aiacis
658 2305 746 2356 mtem
755 2297 765 2362 i,

130 2372 141 2392 “’
247 2430 250 2435 .
328 2380 484 2458 Oquautus
490 2381 580 2438 instat
596 2381 697 2439 navitis
709 2379 796 2440 sudor
806 2373 868 2440 tuis'

378 2460 498 2539 'sibique
510 2452 605 2540 pallor
612 2461 705 2522 luteus

326 2545 363 2606 Et
376 2544 424 2605 illa
438 2562 495 2604 nau
505 2542 594 2606 virilis
606 2545 731 2622 eiulatu,

376 2628 482 2689 Preces
494 2638 522 2689 et
536 2645 665 2689 aversum
680 2630 715 2689 ad
729 2626 837 2708 lovem,

327 2712 424 2775 Ionius
436 2712 492 2772 udo
505 2731 568 2773 cum
582 2717 745 2790 remugiens
758 2717 844 2774 sinus·

380 2795 457 2857 Noto
474 2798 594 2858 carinam
609 2797 729 2874 ruperit!
825 2807 833 2822 '

327 2880 428 2960 Opima
439 2881 541 2958 quodsi
557 2880 661 2958 praeda
677 2897 763 2939 curva
777 2879 861 2938 litore
913 2932 916 2934 .
981 2870 997 2902 ³

377 2963 511 3036 Porrecta
521 2978 637 3038 mergos
653 2963 772 3020 iuveris:
791 2968 794 2970 ’

325 3046 505 3108 Libidinosus
517 3043 704 3103 immolabitur
715 3061 802 3121 caper

377 3129 496 3204 stagna
513 3125 750 3204 Tempestatibus.
