2525 3942
106 225 177 341 [aa.
190 265 227 342 n]
395 257 843 331 enumeraturum„
1012 261 1073 330 ιιι

189 413 262 476 (lum
271 434 319 476 rea
331 417 395 494 ipra
405 416 479 475 ieret
488 436 496 475 ε
506 416 561 475 niai
574 416 674 475 dextre
685 425 830 495 tempore,
849 416 945 479 Flaeei

187 499 283 561 Verba
294 517 347 578 per
361 508 494 560 attentam
509 517 566 560 non
576 500 655 559 ibunt
666 497 798 560 Caesaris
811 518 918 579 aurern,

188 582 243 644 (lui
256 583 332 645 male
346 585 372 643 ai
383 582 519 661 pulnere,
535 582 696 644 recalcitrat
711 582 835 663 nudique
845 593 931 645 tutus.
1030 588 1072 650 20

191 664 314 731 Trebel.
336 666 450 741 Quanto
469 668 576 727 metius
587 667 659 745 boe,
684 684 767 745 quarn
786 669 859 728 tristi
871 668 985 729 laedere

695 769 781 811 versu

186 832 826 914 Pantotaunmsonrramttomentanumqne
835 843 984 915 nepotem,

185 916 258 978 Guru
270 918 325 979 sibi
337 920 460 997 quisque
470 920 565 995 timet,
580 934 739 996 quanquam
751 928 795 979 est
806 922 942 997 intactus,
956 928 985 979 et

218 1002 221 1005 ⁴
691 1001 766 1062 odit!

186 1083 293 1147 Horat.
317 1084 392 1158 butu
415 1082 538 1150 iaeiami
562 1085 652 1147 Saltat
666 1085 816 1163 Milonius,
842 1094 874 1145 ut
894 1082 983 1145 uerael

211 1224 215 1230 .
690 1172 749 1229 icto

185 1250 320 1311 Aeeeasit
330 1253 427 1311 ferror
437 1253 523 1329 eapiti
534 1270 726 1332 numerusque
736 1252 876 1322 lueemis;
1026 1254 1066 1317 25

186 1333 290 1395 (laetor
299 1336 405 1413 gaudet
420 1338 521 1412 equis,
535 1352 592 1395 ovo
604 1345 759 1415 prognatus
771 1335 873 1396 eodem

184 1417 306 1495 Pugnia3
317 1427 388 1495 quot
402 1419 524 1494 capitum
535 1420 648 1494 vivunt,
660 1420 779 1479 totidem
790 1418 946 1478 studiorum

184 1499 288 1560 Millia:
299 1517 346 1559 me
359 1500 480 1578 pedibus
495 1499 619 1560 delectat
630 1500 763 1561 claudere
774 1501 862 1561 verba

183 1583 274 1643 Lucili
284 1584 356 1660 ritu,
369 1584 496 1643 noenum
507 1577 634 1643 ruelioria
646 1593 783 1662 utroque·

184 1666 237 1727 Ille
247 1666 327 1727 velut
337 1667 400 1726 lidia
411 1684 511 1726 areana
523 1666 669 1726 sodalibus
685 1666 751 1726 olim
830 1678 836 1686 “
1024 1670 1067 1732 30

185 1749 328 1811 credebat
337 1750 437 1827 libris,
451 1765 565 1828 neque,
577 1748 686 1809 simale
698 1758 844 1827 cesserat,
862 1764 981 1827 usquam

184 1834 347 1895 Deeunens
359 1833 416 1894 alio
427 1878 436 1911 ‚
449 1852 543 1911 neque
557 1832 686 1893 sibene:
699 1849 757 1912 quo
769 1834 814 1911 fit,
834 1834 967 1893 ulomaiu

183 1918 285 1978 Votiva
297 1926 391 1996 pateat
400 1918 490 1977 veluti
501 1916 644 1994 descripta
655 1916 760 1977 tabella
865 1942 870 1958 ·

182 1999 247 2062 Vita
264 2004 351 2095 senia..
387 2001 500 2087 Sequor
521 2001 610 2077 hune,
638 2000 766 2059 Lucanus
788 2014 823 2060 au
837 1997 979 2078 Appulus,

333 2112 336 2117 ·
688 2099 831 2161 anceps:-

181 2168 252 2230 Nam
262 2167 423 2228 Venusinua
434 2167 587 2228 anatinam
598 2166 653 2227 sub
666 2175 815 2245 utrumque
830 2166 960 2243 colonus,
1022 2166 1063 2229 85

180 2252 286 2314 lliaaue
297 2252 333 2312 ad
344 2250 400 2311 boe
414 2251 521 2330 pulsia,
539 2260 622 2311 vetus
638 2250 825 2327 astutiam,
843 2249 976 2326 Sabellis,

181 2337 246 2410 Quo
257 2355 295 2395 ne
309 2353 492 2413 pervacuum
501 2334 630 2395 Romano
644 2336 802 2395 incurreret
811 2333 914 2408 boetia,

181 2420 250 2481 Sive
261 2419 338 2498 quod
348 2418 462 2496 Appula
472 2436 544 2495 gena
557 2434 609 2477 aeu
621 2418 699 2497 quod
712 2417 834 2477 Lueania
844 2416 949 2477 bellurn

180 2497 324 2563 Iu'euteret
334 2501 467 2576 violenta.
480 2531 491 2543 ·
507 2500 565 2559 Sed
579 2501 626 2560 hie
638 2500 718 2560 stilus
729 2499 802 2559 baud
815 2507 894 2575 petet
904 2498 978 2557 ultro

181 2585 360 2660 Quemquam
371 2584 547 2656 animantem,
556 2589 585 2640 et
595 2582 737 2641 meveluti
749 2578 890 2640 custodiet
901 2582 977 2639 eneis
1021 2576 1063 2641 40

179 2668 290 2743 vagina
301 2674 395 2724 teetua
405 2686 412 2722 ε
424 2681 509 2742 quem
520 2680 571 2721 eur
581 2664 762 2739 destringere
775 2676 863 2720 eeuer

175 2748 270 2817 ,Tutus
282 2748 317 2808 ab
330 2748 443 2807 inleatia
456 2743 629 2807 latronibus?
646 2745 670 2804 0
684 2754 765 2822 pater
779 2753 808 2803 et
818 2758 869 2803 rex

180 2834 320 2912 luppiter,
335 2839 366 2890 ut
376 2838 476 2909 pereat
485 2829 608 2907 positum
618 2828 750 2906 robigine
760 2826 858 2901 telum,

178 2917 243 2978 Nee
254 2916 403 2995 quiequam
414 2921 519 2995 noceat
529 2912 633 2989 eunio
645 2912 712 2971 milri
725 2910 820 2989 paria!
833 2908 871 2968 At
883 2907 944 2987 ule,

181 3000 294 3073 Quinte
306 2998 464 3073 commorit,
475 3027 488 3040 ·
497 2991 599 3055 melina
613 3011 670 3055 nou
681 3003 809 3072 tangere,
822 2992 948 3069 elame—
1021 2991 1061 3055 45

180 3083 275 3144 Flebit
285 3091 315 3141 et
324 3080 443 3159 iusignia
457 3088 517 3140 tata
530 3078 686 3139 cantabitur
699 3078 778 3137 urbe.

181 3165 302 3228 Cervius
317 3168 404 3224 iratus
413 3162 496 3241 leges
506 3162 648 3223 multutm
658 3170 687 3221 et
698 3178 804 3237 urnam,

181 3248 297 3310 Canidia
310 3247 421 3324 Albuti,
439 3247 541 3325 quibua
553 3254 598 3305 eat
612 3245 741 3321 inimica,
757 3262 907 3319 venenum,

181 3331 292 3394 Grande
303 3331 404 3392 malurn
415 3328 532 3407 Turius,
545 3330 571 3387 ai
581 3327 650 3407 quid
662 3342 695 3387 ee
706 3326 800 3387 iuliae
813 3334 917 3386 certes.
