2525 3942
360 268 363 272 ν
392 241 444 302 'Q.
467 243 615 291 nomnen
638 245 773 293 mbucct.
974 251 1093 299 xxxin
1191 283 1195 304 ι

97 408 245 474 posteros,
272 401 318 472 qui
341 407 443 473 poetae
466 401 584 459 candido
608 403 804 475 libertatisque
827 405 1015 462 amantissimo
1035 425 1089 464 non

97 486 301 542 inconstantiae
326 485 432 554 solum,
457 486 508 540 sed
530 485 699 541 adulationis
722 487 805 542 etiam
831 489 964 559 probrum
987 492 1089 546 acerbe
1144 539 1151 546 .

98 569 270 628 obiicerent„
302 567 336 623 lli
360 567 428 624 vero
451 584 505 622 non
533 560 709 638 cogitarunt,
736 569 894 641 Horatium,
923 588 983 627 cum
1004 575 1090 641 rebus

97 652 217 722 publicis
240 651 377 722 principis
399 653 481 714 ductu
508 651 698 722 auspiciisque
724 653 828 724 optime
854 655 979 724 consuli,
1006 657 1090 711 resti-

97 734 214 808 tuendae
236 735 345 790 liberae
363 734 536 804 reipublicae
558 735 677 790 consilia
700 736 791 791 omnia
810 752 865 791 uon
890 738 973 793 modo
998 739 1089 809 irrita,

97 817 146 872 sed
166 818 264 873 insana
287 824 369 888 atque
391 818 461 873 adeo
482 818 589 874 civitati
611 819 773 889 perniciosa
794 836 859 874 esse
877 821 1012 891 vidisset,
1034 828 1089 894 ιιιιιι
1191 828 1193 831 ’

98 901 203 956 demum
226 901 361 971 nequiore
384 900 475 955 auimo
501 901 536 956 de
564 917 599 956 eo
624 901 766 958 iudicasse
788 908 871 973 atque
899 920 960 958 cum
985 904 1100 976 ceteris*

98 984 238 1039 omnibus·
245 983 375 1040 Caesaris
395 984 492 1040 laudes
515 985 702 1040 concinuisse
747 985 856 1051 Quanto
877 993 968 1042 autem
990 971 1089 1051 lavore

96 1072 242 1123 elamore
265 1067 412 1123 Caesarem
434 1067 469 1122 de
493 1067 622 1124 Romanis
647 1069 751 1140 optime
774 1070 901 1150 meritum
923 1076 1089 1166 prosecutus
1149 1088 1164 1108 ¹

97 1151 133 1204 sit
147 1151 268 1221 populus
283 1150 376 1220 boun,
385 1155 422 1204 ιιι
438 1150 466 1204 in
482 1141 564 1211 unius
580 1151 696 1206 salutem
711 1153 812 1208 collata
827 1153 947 1208 omnium
960 1160 1026 1209 vota
1046 1155 1088 1210 vi-

95 1234 245 1302 derentur,
273 1233 377 1304 legitur
400 1234 473 1305 apud
496 1234 610 1290 sueton.
633 1234 661 1288 in
685 1235 743 1290 rita
765 1234 861 1291 Octar.
885 1239 928 1293 28.
953 1239 1086 1295 57-59

96 1309 176 1372 Dion.
198 1316 275 1372 Cass.
291 1322 344 1386 51,
360 1322 402 1375 19.
426 1317 499 1371 Veii.
516 1317 622 1373 Patere.
638 1322 667 1387 2,
681 1321 725 1376 89.
769 1317 864 1395 Neque
879 1325 984 1374 temere
999 1336 1088 1391 popu-

82 1399 137 1454 ·lus
161 1403 225 1454 eum
245 1401 361 1456 amabat.
411 1399 478 1455 Nam
498 1399 581 1454 bellis
604 1399 735 1456 civilibus
755 1417 807 1473 per
829 1417 892 1457 eum
908 1402 1088 1474 ‚compositis

95 1482 203 1553 pacatis
223 1483 379 1554 prouinciis
403 1489 484 1553 atque
505 1482 645 1552 maribus,
672 1489 716 1553 et,
743 1484 817 1555 quod
837 1491 903 1556 post
923 1486 1004 1542 duem
1019 1486 1088 1541 belli

95 1565 190 1620 Punici
212 1565 294 1637 primi
317 1566 416 1622 civitas
444 1582 498 1622 non
518 1565 732 1641 viderat,.lano
754 1566 863 1633 Quirini
886 1568 999 1638 clauso,
1027 1567 1118 1623 cum'

94 1649 122 1704 iu
138 1649 311 1705 restituenda
327 1665 431 1707 morum
446 1649 574 1704 castitate
589 1650 804 1720 revocandoque
815 1651 930 1706 deorum
947 1653 1022 1719 cultu
1039 1668 1089 1708 oo·
1183 1717 1191 1725 ι

95 1732 291 1804 cupatissimus
309 1739 385 1788 esset
401 1730 585 1802 Octavianus,
601 1747 659 1786 non
670 1732 835 1802 miraberis,
849 1738 905 1788 tam
919 1734 1088 1790 fortunatam

26 1843 28 1848 ¹
95 1815 241 1886 Romanis,
258 1816 425 1891 praesertim
441 1831 501 1870 oum
512 1815 689 1887 temporibus
710 1815 838 1886 proxime
853 1817 1088 1886 praecedentibus
1106 1838 1108 1845 ·

95 1905 299 1970 comparatam,
324 1899 510 1968 conditionem
532 1913 609 1972 suam
626 1898 715 1954 visam
730 1915 812 1968 esse,
834 1904 864 1952 ut
878 1903 996 1970 poetae,
1018 1899 1089 1970 quti-

94 1982 309 2052 rum‘benignus
327 1981 434 2038 exstitit
454 1988 605 2053 patronus,
629 1988 894 2052 tamquamauream
914 1982 990 2038 illam
1011 1988 1089 2038 aeta·
1110 1999 1116 2012 ·

94 2071 148 2120 tent
164 2065 337 2122 describere,
352 2064 436 2126 facile
447 2064 604 2135 ’potuerint
650 2065 770 2131 Quodsi
785 2071 942 2121 ceterorum
958 2066 1088 2138 exemplo

94 2147 225 2204 Horatius
245 2147 327 2217 iecit,
339 2147 396 2218 -qui
418 2149 521 2219 etipse
536 2146 614 2204 cives
628 2163 713 2217 suos,
738 2155 770 2202 ut
784 2165 876 2204 mores
893 2149 929 2204 ad
942 2149 1088 2220 pristinam

94 2229 300 2304 simplicitatem
321 2231 542 2303 probitatemque
569 2231 721 2287 formarent
742 2228 795 2305 (ct.
815 2231 1088 2301 oo.tl‚1s.111,a

94 2309 174 2387 al),
187 2319 271 2385 utque
291 2313 359 2369 deos
375 2313 423 2384 pie
439 2314 564 2369 colerent
583 2308 636 2387 (el.
653 2313 704 2369 0d.
722 2315 776 2384 lll,
792 2319 811 2370 4
826 2309 896 2386 al),
915 2314 1029 2386 saepius
1045 2320 1088 2370 est

93 2398 273 2464 adhortatus,
295 2397 364 2452 nibil
380 2410 483 2452 causae
498 2393 563 2466 est,
579 2413 628 2452 cur
643 2398 709 2454 ideo
730 2399 765 2454 de
785 2413 891 2453 morum
906 2397 967 2452 eius
982 2403 1030 2453 aut
1044 2397 1088 2452 in-

93 2480 227 2550 tegritate
243 2485 290 2544 aut
306 2479 444 2550 gravitate
465 2485 548 2550 atque
569 2480 725 2536 constantia
740 2481 925 2536 detrahamus.
970 2480 1023 2548 At,
1043 2479 1087 2534 in-

94 2563 173 2632 quis,
192 2579 227 2617 ne
243 2569 299 2617 tum
316 2551 443 2632 quidem,
465 2577 525 2618 cum
540 2563 690 2618 Gaesarem
705 2562 778 2618 iuter
792 2563 862 2618 deos
879 2562 968 2636 relert
984 2558 1051 2632 (οι.
1064 2563 1087 2630 l,

92 2652 123 2714 2,
140 2649 261 2704 45-52.
272 2651 328 2714 12,
344 2650 465 2703 43-52.
489 2645 545 2714 lll,
560 2649 593 2713 3,
610 2652 643 2702 ll
658 2661 719 2714 seq
742 2650 775 2713 4,
791 2649 825 2703 et
841 2659 920 2736 seqq.
944 2649 978 2712 5,
1000 2647 1087 2711 225,

93 2731 179 2785 4-7.
204 2729 258 2797 lV,
272 2735 305 2797 2,
320 2732 440 2788 ct—co
456 2733 473 2786 5
482 2722 653 2803 ,33-*36),
676 2727 845 2785 adulationis
864 2725 972 2793 crimen
991 2724 1087 2783 subire

93 2805 284 2868 videtur?··-
306 2811 401 2884 Neque
425 2811 478 2868 hoe
500 2806 592 2871 audio.
630 2811 691 2868 Non
712 2813 784 2867 enim
803 2829 820 2867 o
842 2811 947 2866 nostris
962 2808 1087 2866 moribus

93 2883 271 2952 diiudicanda
288 2902 332 2952 est
348 2895 515 2967 scriptorum
532 2901 656 2953 veterum
672 2896 815 2966 cogitandi
823 2895 1024 2973 loquendique
1041 2910 1088 2950 ra-

93 2979 148 3047 tio,
170 2980 234 3035 sed
239 2995 275 3034 ex
293 2979 389 3035 intima
403 2979 574 3049 antiquitatis
590 2979 762 3076 cognitione.
799 2966 913 3035 Romani
929 2977 1018 3045 enim,
1039 2991 1088 3032 or

92 3060 135 3115 bis
153 3067 290 3118 terrarum
305 3061 409 3119 domini
425 3053 557 3134 superbi,
574 3078 656 3133 quum
671 3063 728 3134 ipsi
743 3062 881 3120 dominum
899 3052 1086 3132 accepissent,

92 3143 146 3198 sibi
162 3161 254 3215 aeque
270 3145 445 3219 blandientes
461 3161 494 3200 ac
507 3147 638 3215 domino,
661 3146 734 3200 buno
755 3153 787 3200 ut
800 3146 882 3201 deum
895 3143 1088 3214 suspiciebant

91 3225 237 3299 ipsumque
259 3229 306 3284 vel
329 3229 409 3284 deum
430 3229 616 3300 appellabant.
669 3227 755 3284 Huius
777 3229 820 3283 roi
842 3243 903 3282 cum
924 3225 978 3280 alia
1001 3224 1085 3277 multa

91 3313 212 3382 vestigia
229 3315 396 3381 supersunt,
411 3317 466 3365 ιιιιιι
484 3311 566 3367 etiam
581 3311 608 3365 in
623 3327 655 3366 ea
669 3327 784 3382 operum
798 3310 906 3366 Horatii
919 3313 1015 3378 parte,
1030 3319 1084 3372 qua
1151 3301 1162 3318 ⁸

91 3393 169 3450 nobis
192 3395 238 3450 sui
257 3391 391 3467 temporis
411 3409 503 3450 mores
526 3394 676 3464 describit:
699 3390 739 3450 ‘0
756 3388 866 3460 bone’,
887 3391 926 3443 ita
944 3387 1084 3440 curiosum
1144 3390 1148 3412 '

52 3499 54 3504 '
115 3536 123 3548 .
137 3503 303 3549 monatius,
655 3517 658 3538 ι
803 3527 816 3540 .
862 3505 878 3542 0
