<?xml version="1.0" encoding="UTF-8"?>
<!DOCTYPE html PUBLIC "-//W3C//DTD XHTML 1.0 Transitional//EN"
    "http://www.w3.org/TR/xhtml1/DTD/xhtml1-transitional.dtd">
<html xmlns="http://www.w3.org/1999/xhtml" xml:lang="en" lang="en">
 <head>
  <title>
</title>
<meta http-equiv="Content-Type" content="text/html;charset=utf-8" />
  <meta name='ocr-system' content='tesseract 3.04.00' />
  <meta name='ocr-capabilities' content='ocr_page ocr_carea ocr_par ocr_line ocrx_word'/>
</head>
<body>
  <div class='ocr_page' id='page_1' title='image "./qhoratiiflaccio02schmgoog_0034.png"; bbox 0 0 2525 3942; ppageno 0'>
   <div class='ocr_carea' id='block_1_1' title="bbox 167 216 1035 291">
    <p class='ocr_par' dir='ltr' id='par_1_1' title="bbox 167 216 1035 291">
     <span class='ocr_line' id='line_1_1' title="bbox 167 216 1035 291; baseline -0.002 0"><span class='ocrx_word' id='word_1_1' title='bbox 167 242 284 291; x_wconf 83' lang='lat' dir='ltr'>xxvru</span> <span class='ocrx_word' id='word_1_2' title='bbox 465 241 513 289; x_wconf 84' lang='lat' dir='ltr'>nn</span> <span class='ocrx_word' id='word_1_3' title='bbox 536 241 620 290; x_wconf 77' lang='lat' dir='ltr'>vius</span> <span class='ocrx_word' id='word_1_4' title='bbox 639 242 686 290; x_wconf 83' lang='lat' dir='ltr'>nn</span> <span class='ocrx_word' id='word_1_5' title='bbox 707 241 861 291; x_wconf 80' lang='lat' dir='ltr'>scerenrs</span> <span class='ocrx_word' id='word_1_6' title='bbox 970 273 972 281; x_wconf 92' lang='lat'>.</span> <span class='ocrx_word' id='word_1_7' title='bbox 1030 216 1035 225; x_wconf 83' lang='grc'><strong>’</strong></span> 
     </span>
    </p>
   </div>
   <div class='ocr_carea' id='block_1_2' title="bbox 169 369 1161 475">
    <p class='ocr_par' dir='ltr' id='par_1_2' title="bbox 169 369 1161 475">
     <span class='ocr_line' id='line_1_2' title="bbox 169 369 1161 475; baseline 0.002 -17"><span class='ocrx_word' id='word_1_8' title='bbox 169 403 290 475; x_wconf 91' lang='lat' dir='ltr'>optimo,</span> <span class='ocrx_word' id='word_1_9' title='bbox 306 369 581 472; x_wconf 62' lang='lat' dir='ltr'>interoa&#39;deiuucto,</span> <span class='ocrx_word' id='word_1_10' title='bbox 602 402 756 474; x_wconf 81' lang='lat' dir='ltr'>privatum,</span> <span class='ocrx_word' id='word_1_11' title='bbox 778 401 915 472; x_wconf 79' lang='lat' dir='ltr'>stagello</span> <span class='ocrx_word' id='word_1_12' title='bbox 931 408 1064 474; x_wconf 87' lang='lat' dir='ltr'>paterno,</span> <span class='ocrx_word' id='word_1_13' title='bbox 1087 403 1161 474; x_wconf 91' lang='lat' dir='ltr'>quod</span> 
     </span>
    </p>
   </div>
   <div class='ocr_carea' id='block_1_3' title="bbox 169 481 1252 560">
    <p class='ocr_par' dir='ltr' id='par_1_3' title="bbox 169 481 1252 560">
     <span class='ocr_line' id='line_1_3' title="bbox 169 481 1252 560; baseline 0.001 -18"><span class='ocrx_word' id='word_1_14' title='bbox 169 485 357 542; x_wconf 81' lang='lat' dir='ltr'>atriumviris</span> <span class='ocrx_word' id='word_1_15' title='bbox 381 499 442 539; x_wconf 90' lang='lat' dir='ltr'>cum</span> <span class='ocrx_word' id='word_1_16' title='bbox 461 485 565 541; x_wconf 89' lang='lat' dir='ltr'>ceteris</span> <span class='ocrx_word' id='word_1_17' title='bbox 585 487 662 557; x_wconf 79' lang='lat' dir='ltr'>agnis</span> <span class='ocrx_word' id='word_1_18' title='bbox 678 485 829 540; x_wconf 83' lang='lat' dir='ltr'>Venusinis</span> <span class='ocrx_word' id='word_1_19' title='bbox 852 481 924 560; x_wconf 85' lang='lat' dir='ltr'>(vid.</span> <span class='ocrx_word' id='word_1_20' title='bbox 949 486 1069 559; x_wconf 80' lang='lat' dir='ltr'>Appiam.</span> <span class='ocrx_word' id='word_1_21' title='bbox 1092 487 1159 544; x_wconf 85' lang='lat' dir='ltr'>bell.</span> <span class='ocrx_word' id='word_1_22' title='bbox 1247 482 1252 495; x_wconf 66' lang='grc'><em>“</em></span> 
     </span>
    </p>
   </div>
   <div class='ocr_carea' id='block_1_4' title="bbox 88 562 1236 1898">
    <p class='ocr_par' dir='ltr' id='par_1_4' title="bbox 88 562 1236 1898">
     <span class='ocr_line' id='line_1_4' title="bbox 168 562 1159 641; baseline 0.001 -17"><span class='ocrx_word' id='word_1_23' title='bbox 168 569 223 624; x_wconf 84' lang='lat' dir='ltr'>civ.</span> <span class='ocrx_word' id='word_1_24' title='bbox 244 575 278 638; x_wconf 82' lang='lat'>4,</span> <span class='ocrx_word' id='word_1_25' title='bbox 301 563 333 641; x_wconf 81' lang='grc'>3)</span> <span class='ocrx_word' id='word_1_26' title='bbox 356 567 527 638; x_wconf 83' lang='lat' dir='ltr'>assignatum</span> <span class='ocrx_word' id='word_1_27' title='bbox 547 576 609 626; x_wconf 91' lang='lat' dir='ltr'>erat</span> <span class='ocrx_word' id='word_1_28' title='bbox 626 569 787 638; x_wconf 77' lang='lat' dir='ltr'>ueteranis,</span> <span class='ocrx_word' id='word_1_29' title='bbox 814 562 846 624; x_wconf 85' lang='lat' dir='ltr'>s&#39;o</span> <span class='ocrx_word' id='word_1_30' title='bbox 872 569 1022 640; x_wconf 89' lang='lat' dir='ltr'>spoliatum</span> <span class='ocrx_word' id='word_1_31' title='bbox 1047 571 1159 626; x_wconf 90' lang='lat' dir='ltr'>viderit.</span> 
     </span>
     <span class='ocr_line' id='line_1_5' title="bbox 167 643 1159 725; baseline 0.003 -17"><span class='ocrx_word' id='word_1_32' title='bbox 167 653 264 724; x_wconf 83' lang='lat' dir='ltr'>Inepte</span> <span class='ocrx_word' id='word_1_33' title='bbox 281 654 353 708; x_wconf 90' lang='lat' dir='ltr'>enim</span> <span class='ocrx_word' id='word_1_34' title='bbox 369 651 501 708; x_wconf 77' lang='lat' dir='ltr'>Horatius</span> <span class='ocrx_word' id='word_1_35' title='bbox 521 671 554 708; x_wconf 88' lang='lat' dir='ltr'>se</span> <span class='ocrx_word' id='word_1_36' title='bbox 571 643 703 724; x_wconf 77' lang='lat' dir='ltr'>&#39;‘inopem</span> <span class='ocrx_word' id='word_1_37' title='bbox 717 653 787 708; x_wconf 88' lang='lat' dir='ltr'>laris</span> <span class='ocrx_word' id='word_1_38' title='bbox 803 659 832 708; x_wconf 88' lang='lat' dir='ltr'>et</span> <span class='ocrx_word' id='word_1_39' title='bbox 848 653 943 708; x_wconf 81' lang='lat' dir='ltr'>tundi?</span> <span class='ocrx_word' id='word_1_40' title='bbox 964 670 1029 710; x_wconf 90' lang='lat' dir='ltr'>esse</span> <span class='ocrx_word' id='word_1_41' title='bbox 1045 661 1159 725; x_wconf 89' lang='lat' dir='ltr'>questus</span> 
     </span>
     <span class='ocr_line' id='line_1_6' title="bbox 169 728 1160 810; baseline 0.002 -18"><span class='ocrx_word' id='word_1_42' title='bbox 169 743 261 806; x_wconf 87' lang='lat' dir='ltr'>esset,</span> <span class='ocrx_word' id='word_1_43' title='bbox 283 737 324 807; x_wconf 88' lang='lat' dir='ltr'>si,</span> <span class='ocrx_word' id='word_1_44' title='bbox 341 736 415 807; x_wconf 92' lang='lat' dir='ltr'>quod</span> <span class='ocrx_word' id='word_1_45' title='bbox 431 728 555 792; x_wconf 81' lang='lat' dir='ltr'>nonnulli</span> <span class='ocrx_word' id='word_1_46' title='bbox 573 737 735 808; x_wconf 76' lang='lat' dir='ltr'>opinantur,</span> <span class='ocrx_word' id='word_1_47' title='bbox 758 735 812 793; x_wconf 89' lang='lat' dir='ltr'>iam</span> <span class='ocrx_word' id='word_1_48' title='bbox 826 743 924 793; x_wconf 82' lang='lat' dir='ltr'>antea</span> <span class='ocrx_word' id='word_1_49' title='bbox 939 745 1021 810; x_wconf 90' lang='lat' dir='ltr'>patre</span> <span class='ocrx_word' id='word_1_50' title='bbox 1032 738 1160 794; x_wconf 67' lang='lat' dir='ltr'>divendiss</span> 
     </span>
     <span class='ocr_line' id='line_1_7' title="bbox 167 819 1236 893; baseline -0.001 -17"><span class='ocrx_word' id='word_1_51' title='bbox 167 827 224 888; x_wconf 79' lang='lat' dir='ltr'>tum</span> <span class='ocrx_word' id='word_1_52' title='bbox 240 821 342 876; x_wconf 86' lang='lat' dir='ltr'>luisset</span> <span class='ocrx_word' id='word_1_53' title='bbox 364 820 546 892; x_wconf 85' lang='lat' dir='ltr'>praediolum.</span> <span class='ocrx_word' id='word_1_54' title='bbox 561 849 604 862; x_wconf 86' lang='lat'>--</span> <span class='ocrx_word' id='word_1_55' title='bbox 625 819 692 876; x_wconf 85' lang='lat' dir='ltr'>Tum</span> <span class='ocrx_word' id='word_1_56' title='bbox 712 820 799 890; x_wconf 79' lang='lat' dir='ltr'>igitur</span> <span class='ocrx_word' id='word_1_57' title='bbox 813 821 925 877; x_wconf 84' lang='lat' dir='ltr'>Romam</span> <span class='ocrx_word' id='word_1_58' title='bbox 944 822 1108 893; x_wconf 86' lang='lat' dir='ltr'>proiectus,</span> <span class='ocrx_word' id='word_1_59' title='bbox 1130 829 1159 876; x_wconf 91' lang='lat' dir='ltr'>ut</span> <span class='ocrx_word' id='word_1_60' title='bbox 1230 869 1236 874; x_wconf 90' lang='lat'><em>.</em></span> 
     </span>
     <span class='ocr_line' id='line_1_8' title="bbox 168 903 1157 978; baseline 0.003 -19"><span class='ocrx_word' id='word_1_61' title='bbox 168 905 287 961; x_wconf 89' lang='lat' dir='ltr'>baberet</span> <span class='ocrx_word' id='word_1_62' title='bbox 300 906 374 961; x_wconf 90' lang='lat' dir='ltr'>unde</span> <span class='ocrx_word' id='word_1_63' title='bbox 389 904 512 973; x_wconf 83' lang='lat' dir='ltr'>viveret,</span> <span class='ocrx_word' id='word_1_64' title='bbox 528 903 665 974; x_wconf 86' lang='lat' dir='ltr'>simulque</span> <span class='ocrx_word' id='word_1_65' title='bbox 683 904 784 960; x_wconf 92' lang='lat' dir='ltr'>studiis</span> <span class='ocrx_word' id='word_1_66' title='bbox 801 905 921 978; x_wconf 76' lang='lat' dir='ltr'>poeticis</span> <span class='ocrx_word' id='word_1_67' title='bbox 937 911 1067 975; x_wconf 88' lang='lat' dir='ltr'>vacarat,</span> <span class='ocrx_word' id='word_1_68' title='bbox 1083 922 1099 960; x_wconf 92' lang='lat' dir='ltr'>e</span> <span class='ocrx_word' id='word_1_69' title='bbox 1113 922 1157 962; x_wconf 66' lang='lat' dir='ltr'>re·</span> 
     </span>
     <span class='ocr_line' id='line_1_9' title="bbox 168 983 1157 1060; baseline 0 -17"><span class='ocrx_word' id='word_1_70' title='bbox 168 989 266 1060; x_wconf 90' lang='lat' dir='ltr'>liquiis</span> <span class='ocrx_word' id='word_1_71' title='bbox 280 987 445 1045; x_wconf 84' lang='lat' dir='ltr'>hereditatis</span> <span class='ocrx_word' id='word_1_72' title='bbox 466 991 598 1059; x_wconf 87' lang='lat' dir='ltr'>paternae</span> <span class='ocrx_word' id='word_1_73' title='bbox 615 983 765 1059; x_wconf 67' lang='lat' dir='ltr'>‘scriptum</span> <span class='ocrx_word' id='word_1_74' title='bbox 778 991 961 1058; x_wconf 76' lang='lat' dir='ltr'>mecastoriam</span> <span class='ocrx_word' id='word_1_75' title='bbox 976 989 1032 1045; x_wconf 87' lang='lat' dir='ltr'>sibi</span> <span class='ocrx_word' id='word_1_76' title='bbox 1046 1004 1157 1060; x_wconf 75' lang='lat' dir='ltr'>compo-</span> 
     </span>
     <span class='ocr_line' id='line_1_10' title="bbox 167 1070 1158 1144; baseline 0.003 -19"><span class='ocrx_word' id='word_1_77' title='bbox 167 1071 256 1127; x_wconf 84' lang='lat' dir='ltr'>roait’</span> <span class='ocrx_word' id='word_1_78' title='bbox 264 1096 272 1134; x_wconf 91' lang='lat'>,·</span> <span class='ocrx_word' id='word_1_79' title='bbox 293 1073 368 1143; x_wconf 92' lang='lat' dir='ltr'>quod</span> <span class='ocrx_word' id='word_1_80' title='bbox 382 1087 490 1140; x_wconf 91' lang='lat' dir='ltr'>munus,</span> <span class='ocrx_word' id='word_1_81' title='bbox 507 1070 586 1126; x_wconf 89' lang='lat' dir='ltr'>cuins</span> <span class='ocrx_word' id='word_1_82' title='bbox 602 1071 665 1142; x_wconf 93' lang='lat' dir='ltr'>ipse</span> <span class='ocrx_word' id='word_1_83' title='bbox 678 1076 761 1143; x_wconf 75' lang='lat' dir='ltr'>polita</span> <span class='ocrx_word' id='word_1_84' title='bbox 775 1071 842 1129; x_wconf 91' lang='lat' dir='ltr'>libri</span> <span class='ocrx_word' id='word_1_85' title='bbox 857 1071 883 1126; x_wconf 94' lang='lat' dir='ltr'>ll</span> <span class='ocrx_word' id='word_1_86' title='bbox 898 1073 985 1129; x_wconf 83' lang='lat' dir='ltr'>satira</span> <span class='ocrx_word' id='word_1_87' title='bbox 1002 1079 1092 1144; x_wconf 86' lang='lat' dir='ltr'>sexta,</span> <span class='ocrx_word' id='word_1_88' title='bbox 1107 1074 1158 1129; x_wconf 94' lang='lat' dir='ltr'>sub</span> 
     </span>
     <span class='ocr_line' id='line_1_11' title="bbox 144 1153 1159 1228; baseline 0.002 -17"><span class='ocrx_word' id='word_1_89' title='bbox 144 1218 148 1224; x_wconf 15' lang='lat' dir='ltr'>,s</span> <span class='ocrx_word' id='word_1_90' title='bbox 168 1157 249 1211; x_wconf 80' lang='lat' dir='ltr'>inem</span> <span class='ocrx_word' id='word_1_91' title='bbox 265 1157 329 1212; x_wconf 91' lang='lat' dir='ltr'>anni</span> <span class='ocrx_word' id='word_1_92' title='bbox 344 1159 397 1214; x_wconf 74' lang='lat'>723</span> <span class='ocrx_word' id='word_1_93' title='bbox 407 1153 533 1227; x_wconf 83' lang='lat' dir='ltr'>scripta,</span> <span class='ocrx_word' id='word_1_94' title='bbox 548 1171 590 1210; x_wconf 85' lang='lat' dir='ltr'>vs.</span> <span class='ocrx_word' id='word_1_95' title='bbox 606 1159 641 1213; x_wconf 81' lang='lat'>36</span> <span class='ocrx_word' id='word_1_96' title='bbox 657 1155 823 1210; x_wconf 89' lang='lat' dir='ltr'>mentionem</span> <span class='ocrx_word' id='word_1_97' title='bbox 839 1155 924 1226; x_wconf 86' lang='lat' dir='ltr'>iacit,</span> <span class='ocrx_word' id='word_1_98' title='bbox 946 1173 1001 1228; x_wconf 94' lang='lat' dir='ltr'>quo</span> <span class='ocrx_word' id='word_1_99' title='bbox 1017 1172 1090 1212; x_wconf 90' lang='lat' dir='ltr'>anno</span> <span class='ocrx_word' id='word_1_100' title='bbox 1109 1158 1159 1213; x_wconf 91' lang='lat' dir='ltr'>de-</span> 
     </span>
     <span class='ocr_line' id='line_1_12' title="bbox 167 1233 1159 1312; baseline 0.002 -18"><span class='ocrx_word' id='word_1_101' title='bbox 167 1239 311 1311; x_wconf 77' lang='lat' dir='ltr'>posuerit,</span> <span class='ocrx_word' id='word_1_102' title='bbox 334 1238 491 1294; x_wconf 72' lang='lat' dir='ltr'>accuratius</span> <span class='ocrx_word' id='word_1_103' title='bbox 514 1233 624 1293; x_wconf 84' lang='lat' dir='ltr'>deliniri</span> <span class='ocrx_word' id='word_1_104' title='bbox 645 1255 700 1293; x_wconf 92' lang='lat' dir='ltr'>non</span> <span class='ocrx_word' id='word_1_105' title='bbox 722 1245 830 1310; x_wconf 90' lang='lat' dir='ltr'>potest,</span> <span class='ocrx_word' id='word_1_106' title='bbox 858 1241 986 1312; x_wconf 89' lang='lat' dir='ltr'>plerique</span> <span class='ocrx_word' id='word_1_107' title='bbox 1011 1247 1101 1296; x_wconf 90' lang='lat' dir='ltr'>tamen</span> <span class='ocrx_word' id='word_1_108' title='bbox 1123 1256 1159 1297; x_wconf 93' lang='lat' dir='ltr'>eo</span> 
     </span>
     <span class='ocr_line' id='line_1_13' title="bbox 167 1322 1160 1398; baseline 0 -20"><span class='ocrx_word' id='word_1_109' title='bbox 167 1324 230 1395; x_wconf 90' lang='lat' dir='ltr'>ipso</span> <span class='ocrx_word' id='word_1_110' title='bbox 246 1339 335 1398; x_wconf 83' lang='lat' dir='ltr'>anne,</span> <span class='ocrx_word' id='word_1_111' title='bbox 358 1339 413 1393; x_wconf 93' lang='lat' dir='ltr'>quo</span> <span class='ocrx_word' id='word_1_112' title='bbox 430 1322 575 1393; x_wconf 81' lang='lat' dir='ltr'>praedium</span> <span class='ocrx_word' id='word_1_113' title='bbox 593 1322 725 1378; x_wconf 88' lang='lat' dir='ltr'>Sabinum</span> <span class='ocrx_word' id='word_1_114' title='bbox 741 1340 756 1378; x_wconf 92' lang='lat' dir='ltr'>a</span> <span class='ocrx_word' id='word_1_115' title='bbox 771 1323 933 1380; x_wconf 72' lang='lat' dir='ltr'>Maecenate</span> <span class='ocrx_word' id='word_1_116' title='bbox 949 1326 1024 1381; x_wconf 93' lang='lat' dir='ltr'>dono</span> <span class='ocrx_word' id='word_1_117' title='bbox 1040 1341 1160 1395; x_wconf 90' lang='lat' dir='ltr'>accepe-</span> 
     </span>
     <span class='ocr_line' id='line_1_14' title="bbox 168 1405 1160 1475; baseline 0.002 -15"><span class='ocrx_word' id='word_1_118' title='bbox 168 1407 221 1475; x_wconf 91' lang='lat' dir='ltr'>rit,</span> <span class='ocrx_word' id='word_1_119' title='bbox 236 1407 266 1461; x_wconf 92' lang='lat' dir='ltr'>id</span> <span class='ocrx_word' id='word_1_120' title='bbox 282 1406 383 1462; x_wconf 86' lang='lat' dir='ltr'>iactum</span> <span class='ocrx_word' id='word_1_121' title='bbox 399 1409 479 1474; x_wconf 78' lang='lat' dir='ltr'>esse,</span> <span class='ocrx_word' id='word_1_122' title='bbox 492 1422 547 1460; x_wconf 90' lang='lat' dir='ltr'>non</span> <span class='ocrx_word' id='word_1_123' title='bbox 564 1406 636 1461; x_wconf 88' lang='lat' dir='ltr'>ialso</span> <span class='ocrx_word' id='word_1_124' title='bbox 651 1405 778 1461; x_wconf 88' lang='lat' dir='ltr'>iudicare</span> <span class='ocrx_word' id='word_1_125' title='bbox 792 1407 930 1463; x_wconf 85' lang='lat' dir='ltr'>videntur.</span> <span class='ocrx_word' id='word_1_126' title='bbox 953 1406 1160 1464; x_wconf 57' lang='lat' dir='ltr'>Villam‘autem</span> 
     </span>
     <span class='ocr_line' id='line_1_15' title="bbox 166 1480 1162 1561; baseline 0.002 -17"><span class='ocrx_word' id='word_1_127' title='bbox 166 1490 259 1558; x_wconf 86' lang='lat' dir='ltr'>illam,</span> <span class='ocrx_word' id='word_1_128' title='bbox 277 1505 332 1560; x_wconf 86' lang='lat' dir='ltr'>qua</span> <span class='ocrx_word' id='word_1_129' title='bbox 345 1489 426 1544; x_wconf 91' lang='lat' dir='ltr'>unica</span> <span class='ocrx_word' id='word_1_130' title='bbox 441 1489 552 1545; x_wconf 90' lang='lat' dir='ltr'>beatum</span> <span class='ocrx_word' id='word_1_131' title='bbox 566 1506 598 1544; x_wconf 91' lang='lat' dir='ltr'>se</span> <span class='ocrx_word' id='word_1_132' title='bbox 617 1480 879 1561; x_wconf 62' lang='lat' dir='ltr'>praedicatorii,</span> <span class='ocrx_word' id='word_1_133' title='bbox 894 1495 1000 1560; x_wconf 83' lang='lat'>18,14,</span> <span class='ocrx_word' id='word_1_134' title='bbox 1023 1506 1078 1544; x_wconf 92' lang='lat' dir='ltr'>non</span> <span class='ocrx_word' id='word_1_135' title='bbox 1095 1495 1162 1546; x_wconf 74' lang='lat' dir='ltr'>anta</span> 
     </span>
     <span class='ocr_line' id='line_1_16' title="bbox 167 1569 1160 1650; baseline 0 -21"><span class='ocrx_word' id='word_1_136' title='bbox 167 1589 192 1629; x_wconf 83' lang='lat' dir='ltr'>a:</span> <span class='ocrx_word' id='word_1_137' title='bbox 209 1589 235 1650; x_wconf 58' lang='grc' dir='ltr'>ιι,</span> <span class='ocrx_word' id='word_1_138' title='bbox 252 1577 303 1632; x_wconf 72' lang='lat'>721</span> <span class='ocrx_word' id='word_1_139' title='bbox 320 1572 435 1628; x_wconf 89' lang='lat' dir='ltr'>lloratio</span> <span class='ocrx_word' id='word_1_140' title='bbox 459 1572 614 1642; x_wconf 83' lang='lat' dir='ltr'>obtigisse,</span> <span class='ocrx_word' id='word_1_141' title='bbox 636 1589 672 1627; x_wconf 86' lang='lat' dir='ltr'>ex</span> <span class='ocrx_word' id='word_1_142' title='bbox 694 1589 729 1628; x_wconf 90' lang='lat' dir='ltr'>eo</span> <span class='ocrx_word' id='word_1_143' title='bbox 753 1573 912 1644; x_wconf 80' lang='lat' dir='ltr'>colligitur,</span> <span class='ocrx_word' id='word_1_144' title='bbox 938 1569 1160 1644; x_wconf 69' lang='lat' dir='ltr'>qncd&#39;muneris</span> 
     </span>
     <span class='ocr_line' id='line_1_17' title="bbox 166 1655 1159 1728; baseline 0.002 -16"><span class='ocrx_word' id='word_1_145' title='bbox 166 1655 243 1712; x_wconf 90' lang='lat' dir='ltr'>illius</span> <span class='ocrx_word' id='word_1_146' title='bbox 259 1656 287 1710; x_wconf 90' lang='lat' dir='ltr'>in</span> <span class='ocrx_word' id='word_1_147' title='bbox 303 1655 399 1728; x_wconf 88' lang='lat' dir='ltr'>priore</span> <span class='ocrx_word' id='word_1_148' title='bbox 416 1655 568 1722; x_wconf 82' lang='lat' dir='ltr'>Satirarum</span> <span class='ocrx_word' id='word_1_149' title='bbox 583 1657 658 1711; x_wconf 89' lang='lat' dir='ltr'>libro</span> <span class='ocrx_word' id='word_1_150' title='bbox 680 1673 813 1728; x_wconf 87' lang='lat' dir='ltr'>nusquam</span> <span class='ocrx_word' id='word_1_151' title='bbox 828 1658 996 1713; x_wconf 88' lang='lat' dir='ltr'>mentionem</span> <span class='ocrx_word' id='word_1_152' title='bbox 1007 1657 1091 1716; x_wconf 80' lang='lat' dir='ltr'>lacit:</span> <span class='ocrx_word' id='word_1_153' title='bbox 1113 1674 1159 1714; x_wconf 87' lang='lat' dir='ltr'>sa-</span> 
     </span>
     <span class='ocr_line' id='line_1_18' title="bbox 166 1739 1158 1813; baseline 0.001 -18"><span class='ocrx_word' id='word_1_154' title='bbox 166 1741 221 1795; x_wconf 87' lang='lat' dir='ltr'>tira</span> <span class='ocrx_word' id='word_1_155' title='bbox 237 1739 327 1796; x_wconf 90' lang='lat' dir='ltr'>autem</span> <span class='ocrx_word' id='word_1_156' title='bbox 344 1739 409 1794; x_wconf 93' lang='lat' dir='ltr'>libri</span> <span class='ocrx_word' id='word_1_157' title='bbox 432 1740 548 1812; x_wconf 82' lang='lat' dir='ltr'>secundi</span> <span class='ocrx_word' id='word_1_158' title='bbox 564 1740 664 1809; x_wconf 91' lang='lat' dir='ltr'>tertia,</span> <span class='ocrx_word' id='word_1_159' title='bbox 686 1741 768 1796; x_wconf 85' lang='lat' dir='ltr'>initio</span> <span class='ocrx_word' id='word_1_160' title='bbox 783 1759 808 1796; x_wconf 87' lang='lat' dir='ltr'>a.</span> <span class='ocrx_word' id='word_1_161' title='bbox 826 1758 852 1796; x_wconf 91' lang='lat' dir='ltr'>u.</span> <span class='ocrx_word' id='word_1_162' title='bbox 877 1757 901 1795; x_wconf 91' lang='lat' dir='ltr'>c.</span> <span class='ocrx_word' id='word_1_163' title='bbox 917 1745 970 1800; x_wconf 76' lang='lat' dir='ltr'>tm</span> <span class='ocrx_word' id='word_1_164' title='bbox 986 1741 1108 1813; x_wconf 87' lang='lat' dir='ltr'>scripta,</span> <span class='ocrx_word' id='word_1_165' title='bbox 1129 1741 1158 1796; x_wconf 92' lang='lat' dir='ltr'>in</span> 
     </span>
     <span class='ocr_line' id='line_1_19' title="bbox 88 1816 1159 1898; baseline -0.001 -18"><span class='ocrx_word' id='word_1_166' title='bbox 88 1882 90 1887; x_wconf 77' lang='grc'>,</span> <span class='ocrx_word' id='word_1_167' title='bbox 167 1841 221 1896; x_wconf 92' lang='lat' dir='ltr'>qua</span> <span class='ocrx_word' id='word_1_168' title='bbox 239 1824 267 1878; x_wconf 93' lang='lat' dir='ltr'>in</span> <span class='ocrx_word' id='word_1_169' title='bbox 288 1823 459 1878; x_wconf 85' lang='lat' dir='ltr'>aedificanda</span> <span class='ocrx_word' id='word_1_170' title='bbox 481 1829 509 1877; x_wconf 89' lang='lat' dir='ltr'>et</span> <span class='ocrx_word' id='word_1_171' title='bbox 529 1824 690 1880; x_wconf 84' lang='lat' dir='ltr'>exornanda</span> <span class='ocrx_word' id='word_1_172' title='bbox 704 1823 802 1879; x_wconf 85' lang='lat' dir='ltr'>villula</span> <span class='ocrx_word' id='word_1_173' title='bbox 820 1821 893 1898; x_wconf 89' lang='lat' dir='ltr'>(vid.</span> <span class='ocrx_word' id='word_1_174' title='bbox 909 1841 951 1880; x_wconf 89' lang='lat' dir='ltr'>vs.</span> <span class='ocrx_word' id='word_1_175' title='bbox 969 1819 1018 1897; x_wconf 87' lang='lat' dir='ltr'>lo)</span> <span class='ocrx_word' id='word_1_176' title='bbox 1037 1816 1159 1895; x_wconf 61' lang='lat' dir='ltr'>occupass</span> 
     </span>
    </p>
   </div>
   <div class='ocr_carea' id='block_1_5' title="bbox 166 1902 1252 1980">
    <p class='ocr_par' dir='ltr' id='par_1_5' title="bbox 166 1902 1252 1980">
     <span class='ocr_line' id='line_1_20' title="bbox 166 1902 1252 1980; baseline 0 -18"><span class='ocrx_word' id='word_1_177' title='bbox 166 1915 223 1962; x_wconf 91' lang='lat' dir='ltr'>tum</span> <span class='ocrx_word' id='word_1_178' title='bbox 238 1923 269 1963; x_wconf 91' lang='lat' dir='ltr'>sc</span> <span class='ocrx_word' id='word_1_179' title='bbox 285 1906 364 1976; x_wconf 79' lang='lat' dir='ltr'>lingit</span> <span class='ocrx_word' id='word_1_180' title='bbox 384 1902 468 1980; x_wconf 87' lang='lat' dir='ltr'>(ibid.</span> <span class='ocrx_word' id='word_1_181' title='bbox 484 1923 526 1961; x_wconf 87' lang='lat' dir='ltr'>vs.</span> <span class='ocrx_word' id='word_1_182' title='bbox 544 1902 623 1980; x_wconf 83' lang='lat'>308),</span> <span class='ocrx_word' id='word_1_183' title='bbox 639 1907 783 1978; x_wconf 82' lang='lat' dir='ltr'>praedium</span> <span class='ocrx_word' id='word_1_184' title='bbox 803 1907 883 1962; x_wconf 87' lang='lat' dir='ltr'>brevi</span> <span class='ocrx_word' id='word_1_185' title='bbox 901 1913 965 1961; x_wconf 89' lang='lat' dir='ltr'>ante</span> <span class='ocrx_word' id='word_1_186' title='bbox 985 1907 1059 1963; x_wconf 92' lang='lat' dir='ltr'>donc</span> <span class='ocrx_word' id='word_1_187' title='bbox 1076 1923 1158 1962; x_wconf 87' lang='lat' dir='ltr'>acce·</span> <span class='ocrx_word' id='word_1_188' title='bbox 1251 1908 1252 1911; x_wconf 73' lang='grc'>’</span> 
     </span>
    </p>
   </div>
   <div class='ocr_carea' id='block_1_6' title="bbox 165 1979 1219 2404">
    <p class='ocr_par' dir='ltr' id='par_1_6' title="bbox 165 1979 1219 2404">
     <span class='ocr_line' id='line_1_21' title="bbox 166 1979 1159 2062; baseline -0.001 -15"><span class='ocrx_word' id='word_1_189' title='bbox 166 1993 244 2062; x_wconf 88' lang='lat' dir='ltr'>pisse</span> <span class='ocrx_word' id='word_1_190' title='bbox 261 1979 397 2060; x_wconf 66' lang='lat' dir='ltr'>put‘andus</span> <span class='ocrx_word' id='word_1_191' title='bbox 415 1995 465 2045; x_wconf 88' lang='lat' dir='ltr'>est.</span> <span class='ocrx_word' id='word_1_192' title='bbox 511 1988 606 2060; x_wconf 86' lang='lat' dir='ltr'>Neque</span> <span class='ocrx_word' id='word_1_193' title='bbox 625 1989 698 2044; x_wconf 92' lang='lat' dir='ltr'>euim</span> <span class='ocrx_word' id='word_1_194' title='bbox 713 1988 887 2058; x_wconf 89' lang='lat' dir='ltr'>llirohnero,</span> <span class='ocrx_word' id='word_1_195' title='bbox 902 1989 1046 2046; x_wconf 86' lang='lat' dir='ltr'>Horatium</span> <span class='ocrx_word' id='word_1_196' title='bbox 1062 1989 1091 2043; x_wconf 93' lang='lat' dir='ltr'>in</span> <span class='ocrx_word' id='word_1_197' title='bbox 1106 1991 1159 2046; x_wconf 89' lang='lat' dir='ltr'>hac</span> 
     </span>
     <span class='ocr_line' id='line_1_22' title="bbox 166 2072 1159 2149; baseline 0 -21"><span class='ocrx_word' id='word_1_198' title='bbox 166 2074 252 2129; x_wconf 91' lang='lat' dir='ltr'>satira</span> <span class='ocrx_word' id='word_1_199' title='bbox 276 2074 311 2128; x_wconf 90' lang='lat' dir='ltr'>de</span> <span class='ocrx_word' id='word_1_200' title='bbox 330 2073 413 2128; x_wconf 89' lang='lat' dir='ltr'>domo</span> <span class='ocrx_word' id='word_1_201' title='bbox 440 2090 489 2129; x_wconf 90' lang='lat' dir='ltr'>sua</span> <span class='ocrx_word' id='word_1_202' title='bbox 512 2072 664 2129; x_wconf 83' lang='lat' dir='ltr'>Tiburtina</span> <span class='ocrx_word' id='word_1_203' title='bbox 675 2073 753 2149; x_wconf 87' lang='lat' dir='ltr'>loqui</span> <span class='ocrx_word' id='word_1_204' title='bbox 779 2073 913 2129; x_wconf 88' lang='lat' dir='ltr'>iudicanti</span> <span class='ocrx_word' id='word_1_205' title='bbox 937 2072 1068 2129; x_wconf 82' lang='lat' dir='ltr'>assentiri</span> <span class='ocrx_word' id='word_1_206' title='bbox 1091 2083 1159 2144; x_wconf 89' lang='lat' dir='ltr'>pos-</span> 
     </span>
     <span class='ocr_line' id='line_1_23' title="bbox 166 2149 1219 2227; baseline 0 -15"><span class='ocrx_word' id='word_1_207' title='bbox 166 2173 234 2212; x_wconf 90' lang='lat' dir='ltr'>sum.</span> <span class='ocrx_word' id='word_1_208' title='bbox 281 2155 338 2212; x_wconf 88' lang='lat' dir='ltr'>Sed</span> <span class='ocrx_word' id='word_1_209' title='bbox 359 2156 413 2212; x_wconf 93' lang='lat' dir='ltr'>iam</span> <span class='ocrx_word' id='word_1_210' title='bbox 429 2163 508 2226; x_wconf 89' lang='lat' dir='ltr'>ante,</span> <span class='ocrx_word' id='word_1_211' title='bbox 535 2173 615 2227; x_wconf 92' lang='lat' dir='ltr'>quam</span> <span class='ocrx_word' id='word_1_212' title='bbox 630 2155 875 2224; x_wconf 75' lang='lat' dir='ltr'>munereseribae</span> <span class='ocrx_word' id='word_1_213' title='bbox 896 2173 927 2211; x_wconf 91' lang='lat' dir='ltr'>se</span> <span class='ocrx_word' id='word_1_214' title='bbox 946 2155 1102 2225; x_wconf 89' lang='lat' dir='ltr'>abdicavit,</span> <span class='ocrx_word' id='word_1_215' title='bbox 1124 2157 1160 2212; x_wconf 90' lang='lat' dir='ltr'>ad</span> <span class='ocrx_word' id='word_1_216' title='bbox 1201 2149 1219 2195; x_wconf 64' lang='grc' dir='ltr'><strong><em>Γ</em></strong></span> 
     </span>
     <span class='ocr_line' id='line_1_24' title="bbox 166 2239 1159 2320; baseline -0.002 -25"><span class='ocrx_word' id='word_1_217' title='bbox 166 2240 265 2312; x_wconf 78' lang='lat' dir='ltr'>potsin</span> <span class='ocrx_word' id='word_1_218' title='bbox 288 2240 433 2320; x_wconf 78' lang='lat' dir='ltr'>colendam</span> <span class='ocrx_word' id='word_1_219' title='bbox 456 2239 574 2295; x_wconf 91' lang='lat' dir='ltr'>animum</span> <span class='ocrx_word' id='word_1_220' title='bbox 595 2240 752 2318; x_wconf 81' lang='lat' dir='ltr'>adiecisse,</span> <span class='ocrx_word' id='word_1_221' title='bbox 775 2241 837 2312; x_wconf 89' lang='lat' dir='ltr'>ipso</span> <span class='ocrx_word' id='word_1_222' title='bbox 858 2239 989 2296; x_wconf 90' lang='lat' dir='ltr'>lloratius</span> <span class='ocrx_word' id='word_1_223' title='bbox 1011 2239 1099 2311; x_wconf 87' lang='lat' dir='ltr'>Epist.</span> <span class='ocrx_word' id='word_1_224' title='bbox 1122 2240 1159 2310; x_wconf 91' lang='lat' dir='ltr'>ll,</span> 
     </span>
     <span class='ocr_line' id='line_1_25' title="bbox 165 2321 1160 2404; baseline -0.003 -25"><span class='ocrx_word' id='word_1_225' title='bbox 165 2329 192 2404; x_wconf 69' lang='lat'>2,</span> <span class='ocrx_word' id='word_1_226' title='bbox 208 2329 240 2380; x_wconf 80' lang='lat'>51</span> <span class='ocrx_word' id='word_1_227' title='bbox 257 2339 336 2392; x_wconf 87' lang='lat' dir='ltr'>seqq.</span> <span class='ocrx_word' id='word_1_228' title='bbox 354 2323 494 2393; x_wconf 82' lang='lat' dir='ltr'>significat</span> <span class='ocrx_word' id='word_1_229' title='bbox 508 2324 552 2378; x_wconf 83' lang='lat' dir='ltr'>luis</span> <span class='ocrx_word' id='word_1_230' title='bbox 567 2324 679 2378; x_wconf 87' lang='lat' dir='ltr'>verbis:</span> <span class='ocrx_word' id='word_1_231' title='bbox 709 2321 839 2379; x_wconf 75' lang='lat' dir='ltr'>‘Decisis</span> <span class='ocrx_word' id='word_1_232' title='bbox 854 2325 984 2379; x_wconf 87' lang='lat' dir='ltr'>humilem</span> <span class='ocrx_word' id='word_1_233' title='bbox 999 2323 1099 2395; x_wconf 92' lang='lat' dir='ltr'>pennis</span> <span class='ocrx_word' id='word_1_234' title='bbox 1115 2324 1160 2378; x_wconf 88' lang='lat' dir='ltr'>in-</span> 
     </span>
    </p>
   </div>
   <div class='ocr_carea' id='block_1_7' title="bbox 166 2406 1161 2480">
    <p class='ocr_par' dir='ltr' id='par_1_7' title="bbox 166 2398 1252 2480">
     <span class='ocr_line' id='line_1_26' title="bbox 166 2406 1161 2480; baseline -0.002 -18"><span class='ocrx_word' id='word_1_235' title='bbox 166 2423 302 2479; x_wconf 79' lang='lat' dir='ltr'>opemque</span> <span class='ocrx_word' id='word_1_236' title='bbox 318 2407 427 2478; x_wconf 88' lang='lat' dir='ltr'>paterui</span> <span class='ocrx_word' id='word_1_237' title='bbox 443 2407 478 2460; x_wconf 84' lang='lat' dir='ltr'>lit</span> <span class='ocrx_word' id='word_1_238' title='bbox 493 2406 561 2463; x_wconf 88' lang='lat' dir='ltr'>laris</span> <span class='ocrx_word' id='word_1_239' title='bbox 578 2413 607 2461; x_wconf 89' lang='lat' dir='ltr'>ct</span> <span class='ocrx_word' id='word_1_240' title='bbox 621 2407 697 2461; x_wconf 86' lang='lat' dir='ltr'>lundi</span> <span class='ocrx_word' id='word_1_241' title='bbox 713 2408 989 2480; x_wconf 86' lang='lat' dir='ltr'>paupertasimpulit</span> <span class='ocrx_word' id='word_1_242' title='bbox 1004 2407 1109 2475; x_wconf 85' lang='lat' dir='ltr'>audax,</span> <span class='ocrx_word' id='word_1_243' title='bbox 1130 2413 1161 2460; x_wconf 91' lang='lat' dir='ltr'>ut</span> 
     </span>
    </p>
   </div>
   <div class='ocr_carea' id='block_1_8' title="bbox 110 2490 1187 2978">
    <p class='ocr_par' dir='ltr' id='par_1_8' title="bbox 110 2490 1187 2978">
     <span class='ocr_line' id='line_1_27' title="bbox 166 2490 1187 2562; baseline -0.001 -17"><span class='ocrx_word' id='word_1_244' title='bbox 166 2507 264 2545; x_wconf 86' lang='lat' dir='ltr'>versus</span> <span class='ocrx_word' id='word_1_245' title='bbox 280 2490 429 2545; x_wconf 86' lang='lat' dir='ltr'>iacerem&#39;.</span> <span class='ocrx_word' id='word_1_246' title='bbox 474 2490 524 2545; x_wconf 91' lang='lat' dir='ltr'>llis</span> <span class='ocrx_word' id='word_1_247' title='bbox 539 2490 634 2546; x_wconf 85' lang='lat' dir='ltr'>verbis</span> <span class='ocrx_word' id='word_1_248' title='bbox 651 2490 698 2562; x_wconf 93' lang='lat' dir='ltr'>qui</span> <span class='ocrx_word' id='word_1_249' title='bbox 715 2490 858 2547; x_wconf 81' lang='lat' dir='ltr'>Horatium</span> <span class='ocrx_word' id='word_1_250' title='bbox 880 2491 975 2562; x_wconf 92' lang='lat' dir='ltr'>iuopia</span> <span class='ocrx_word' id='word_1_251' title='bbox 992 2507 1057 2545; x_wconf 89' lang='lat' dir='ltr'>essa</span> <span class='ocrx_word' id='word_1_252' title='bbox 1075 2505 1159 2545; x_wconf 86' lang='lat' dir='ltr'>coac-</span> <span class='ocrx_word' id='word_1_253' title='bbox 1184 2554 1187 2558; x_wconf 91' lang='lat'>.</span> 
     </span>
     <span class='ocr_line' id='line_1_28' title="bbox 166 2564 1160 2646; baseline 0.001 -18"><span class='ocrx_word' id='word_1_254' title='bbox 166 2581 238 2643; x_wconf 92' lang='lat' dir='ltr'>tum,</span> <span class='ocrx_word' id='word_1_255' title='bbox 260 2579 289 2628; x_wconf 91' lang='lat' dir='ltr'>ut</span> <span class='ocrx_word' id='word_1_256' title='bbox 306 2574 456 2629; x_wconf 91' lang='lat' dir='ltr'>carminum</span> <span class='ocrx_word' id='word_1_257' title='bbox 477 2574 631 2646; x_wconf 76' lang='lat' dir='ltr'>scriptione</span> <span class='ocrx_word' id='word_1_258' title='bbox 653 2564 798 2644; x_wconf 84' lang='lat' dir='ltr'>quaestum</span> <span class='ocrx_word' id='word_1_259' title='bbox 819 2574 941 2642; x_wconf 88' lang='lat' dir='ltr'>iaceret,</span> <span class='ocrx_word' id='word_1_260' title='bbox 964 2573 1019 2629; x_wconf 92' lang='lat' dir='ltr'>sibi</span> <span class='ocrx_word' id='word_1_261' title='bbox 1040 2589 1160 2645; x_wconf 90' lang='lat' dir='ltr'>persua-</span> 
     </span>
     <span class='ocr_line' id='line_1_29' title="bbox 166 2657 1159 2733; baseline 0.001 -21"><span class='ocrx_word' id='word_1_262' title='bbox 166 2658 248 2726; x_wconf 87' lang='lat' dir='ltr'>dent,</span> <span class='ocrx_word' id='word_1_263' title='bbox 266 2673 354 2728; x_wconf 87' lang='lat' dir='ltr'>aeque</span> <span class='ocrx_word' id='word_1_264' title='bbox 370 2658 601 2729; x_wconf 80' lang='lat' dir='ltr'>falluntur-atque</span> <span class='ocrx_word' id='word_1_265' title='bbox 615 2658 663 2728; x_wconf 85' lang='lat' dir='ltr'>ii,</span> <span class='ocrx_word' id='word_1_266' title='bbox 677 2659 724 2729; x_wconf 90' lang='lat' dir='ltr'>qni</span> <span class='ocrx_word' id='word_1_267' title='bbox 741 2675 802 2713; x_wconf 92' lang='lat' dir='ltr'>eum</span> <span class='ocrx_word' id='word_1_268' title='bbox 816 2658 986 2733; x_wconf 78' lang='lat' dir='ltr'>carminibus</span> <span class='ocrx_word' id='word_1_269' title='bbox 1001 2657 1159 2728; x_wconf 79' lang='lat' dir='ltr'>pangendis</span> 
     </span>
     <span class='ocr_line' id='line_1_30' title="bbox 110 2740 1158 2813; baseline 0.001 -19"><span class='ocrx_word' id='word_1_270' title='bbox 110 2761 114 2765; x_wconf 56' lang='lat'>¹</span> <span class='ocrx_word' id='word_1_271' title='bbox 166 2740 288 2796; x_wconf 88' lang='lat' dir='ltr'>virorum</span> <span class='ocrx_word' id='word_1_272' title='bbox 309 2742 465 2813; x_wconf 86' lang='lat' dir='ltr'>principum</span> <span class='ocrx_word' id='word_1_273' title='bbox 487 2743 606 2812; x_wconf 80' lang='lat' dir='ltr'>gratiam</span> <span class='ocrx_word' id='word_1_274' title='bbox 628 2742 684 2798; x_wconf 91' lang='lat' dir='ltr'>sibi</span> <span class='ocrx_word' id='word_1_275' title='bbox 705 2740 859 2798; x_wconf 88' lang='lat' dir='ltr'>conciliare</span> <span class='ocrx_word' id='word_1_276' title='bbox 882 2742 1008 2797; x_wconf 89' lang='lat' dir='ltr'>voluisse</span> <span class='ocrx_word' id='word_1_277' title='bbox 1031 2747 1158 2797; x_wconf 87' lang='lat' dir='ltr'>censent.</span> 
     </span>
     <span class='ocr_line' id='line_1_31' title="bbox 164 2821 1159 2895; baseline 0.004 -19"><span class='ocrx_word' id='word_1_278' title='bbox 164 2821 260 2893; x_wconf 85' lang='lat' dir='ltr'>Neque</span> <span class='ocrx_word' id='word_1_279' title='bbox 276 2824 349 2879; x_wconf 89' lang='lat' dir='ltr'>enim</span> <span class='ocrx_word' id='word_1_280' title='bbox 370 2825 405 2880; x_wconf 90' lang='lat' dir='ltr'>da</span> <span class='ocrx_word' id='word_1_281' title='bbox 425 2827 556 2880; x_wconf 90' lang='lat' dir='ltr'>mercede</span> <span class='ocrx_word' id='word_1_282' title='bbox 575 2842 591 2880; x_wconf 91' lang='lat' dir='ltr'>a</span> <span class='ocrx_word' id='word_1_283' title='bbox 608 2825 700 2881; x_wconf 84' lang='lat' dir='ltr'>Sosiis</span> <span class='ocrx_word' id='word_1_284' title='bbox 721 2832 835 2895; x_wconf 85' lang='lat' dir='ltr'>accepta</span> <span class='ocrx_word' id='word_1_285' title='bbox 853 2826 902 2881; x_wconf 92' lang='lat' dir='ltr'>illa</span> <span class='ocrx_word' id='word_1_286' title='bbox 923 2830 1015 2880; x_wconf 90' lang='lat' dir='ltr'>aetate</span> <span class='ocrx_word' id='word_1_287' title='bbox 1036 2824 1159 2893; x_wconf 80' lang='lat' dir='ltr'>cogitari</span> 
     </span>
     <span class='ocr_line' id='line_1_32' title="bbox 135 2907 1160 2978; baseline 0 -16"><span class='ocrx_word' id='word_1_288' title='bbox 135 2940 137 2944; x_wconf 94' lang='lat'>·</span> <span class='ocrx_word' id='word_1_289' title='bbox 164 2914 274 2978; x_wconf 90' lang='lat' dir='ltr'>potest,</span> <span class='ocrx_word' id='word_1_290' title='bbox 297 2923 387 2978; x_wconf 91' lang='lat' dir='ltr'>neque</span> <span class='ocrx_word' id='word_1_291' title='bbox 405 2909 542 2964; x_wconf 89' lang='lat' dir='ltr'>eiusmodi</span> <span class='ocrx_word' id='word_1_292' title='bbox 564 2913 664 2977; x_wconf 82' lang='lat' dir='ltr'>crant,</span> <span class='ocrx_word' id='word_1_293' title='bbox 682 2925 753 2978; x_wconf 88' lang='lat' dir='ltr'>quae</span> <span class='ocrx_word' id='word_1_294' title='bbox 767 2909 860 2964; x_wconf 91' lang='lat' dir='ltr'>statim</span> <span class='ocrx_word' id='word_1_295' title='bbox 882 2909 916 2965; x_wconf 91' lang='lat' dir='ltr'>ab</span> <span class='ocrx_word' id='word_1_296' title='bbox 932 2908 1013 2963; x_wconf 93' lang='lat' dir='ltr'>initio</span> <span class='ocrx_word' id='word_1_297' title='bbox 1031 2907 1160 2978; x_wconf 85' lang='lat' dir='ltr'>scripsit,</span> 
     </span>
    </p>
   </div>
   <div class='ocr_carea' id='block_1_9' title="bbox 164 2989 1252 3143">
    <p class='ocr_par' dir='ltr' id='par_1_9' title="bbox 164 2989 1252 3143">
     <span class='ocr_line' id='line_1_33' title="bbox 165 2989 1252 3072; baseline 0.003 -28"><span class='ocrx_word' id='word_1_298' title='bbox 165 2991 303 3059; x_wconf 86' lang='lat' dir='ltr'>carmina,</span> <span class='ocrx_word' id='word_1_299' title='bbox 325 2997 355 3072; x_wconf 90' lang='lat' dir='ltr'>ut</span> <span class='ocrx_word' id='word_1_300' title='bbox 376 2991 404 3046; x_wconf 90' lang='lat' dir='ltr'>in</span> <span class='ocrx_word' id='word_1_301' title='bbox 420 2992 573 3063; x_wconf 88' lang='lat' dir='ltr'>potentium</span> <span class='ocrx_word' id='word_1_302' title='bbox 595 2990 713 3062; x_wconf 77' lang='lat' dir='ltr'>gratiam</span> <span class='ocrx_word' id='word_1_303' title='bbox 733 2992 1027 3072; x_wconf 61' lang='lat' dir='ltr'>illisssainsinuaret.</span> <span class='ocrx_word' id='word_1_304' title='bbox 1072 2989 1161 3047; x_wconf 89' lang='lat' dir='ltr'>lmmo</span> <span class='ocrx_word' id='word_1_305' title='bbox 1251 3050 1252 3065; x_wconf 18' lang='grc' dir='ltr'>ἢ</span> 
     </span>
     <span class='ocr_line' id='line_1_34' title="bbox 164 3072 1252 3143; baseline 0.001 -15"><span class='ocrx_word' id='word_1_306' title='bbox 164 3079 269 3128; x_wconf 89' lang='lat' dir='ltr'>tantum</span> <span class='ocrx_word' id='word_1_307' title='bbox 290 3074 403 3143; x_wconf 89' lang='lat' dir='ltr'>aberat,</span> <span class='ocrx_word' id='word_1_308' title='bbox 431 3081 461 3129; x_wconf 90' lang='lat' dir='ltr'>ut</span> <span class='ocrx_word' id='word_1_309' title='bbox 482 3075 593 3130; x_wconf 86' lang='lat' dir='ltr'>acerbis</span> <span class='ocrx_word' id='word_1_310' title='bbox 612 3075 671 3130; x_wconf 92' lang='lat' dir='ltr'>illis</span> <span class='ocrx_word' id='word_1_311' title='bbox 694 3081 723 3130; x_wconf 87' lang='lat' dir='ltr'>et</span> <span class='ocrx_word' id='word_1_312' title='bbox 744 3075 954 3131; x_wconf 86' lang='lat' dir='ltr'>contumeliosis</span> <span class='ocrx_word' id='word_1_313' title='bbox 975 3072 1161 3143; x_wconf 87' lang='lat' dir='ltr'>carminibus,</span> <span class='ocrx_word' id='word_1_314' title='bbox 1251 3086 1252 3107; x_wconf 48' lang='grc' dir='ltr'><strong>ι</strong></span> 
     </span>
    </p>
   </div>
   <div class='ocr_carea' id='block_1_10' title="bbox 118 3155 1162 3480">
    <p class='ocr_par' dir='ltr' id='par_1_10' title="bbox 118 3155 1162 3480">
     <span class='ocr_line' id='line_1_35' title="bbox 118 3155 1162 3236; baseline 0.002 -25"><span class='ocrx_word' id='word_1_315' title='bbox 118 3229 120 3236; x_wconf 18' lang='lat' dir='ltr'><strong><em>J</em></strong></span> <span class='ocrx_word' id='word_1_316' title='bbox 164 3155 265 3212; x_wconf 83' lang='lat' dir='ltr'>Satiris</span> <span class='ocrx_word' id='word_1_317' title='bbox 284 3163 312 3212; x_wconf 90' lang='lat' dir='ltr'>et</span> <span class='ocrx_word' id='word_1_318' title='bbox 325 3157 447 3228; x_wconf 84' lang='lat' dir='ltr'>Epodis,</span> <span class='ocrx_word' id='word_1_319' title='bbox 470 3159 616 3229; x_wconf 86' lang='lat' dir='ltr'>inquibus</span> <span class='ocrx_word' id='word_1_320' title='bbox 637 3159 717 3231; x_wconf 89' lang='lat' dir='ltr'>ipsos</span> <span class='ocrx_word' id='word_1_321' title='bbox 739 3160 862 3232; x_wconf 89' lang='lat' dir='ltr'>potentis</span> <span class='ocrx_word' id='word_1_322' title='bbox 882 3158 1019 3213; x_wconf 90' lang='lat' dir='ltr'>triumviri</span> <span class='ocrx_word' id='word_1_323' title='bbox 1041 3159 1162 3227; x_wconf 89' lang='lat' dir='ltr'>amicos,</span> 
     </span>
     <span class='ocr_line' id='line_1_36' title="bbox 162 3239 1161 3312; baseline 0.003 -19"><span class='ocrx_word' id='word_1_324' title='bbox 162 3239 328 3310; x_wconf 82' lang='lat' dir='ltr'>Tigellium,</span> <span class='ocrx_word' id='word_1_325' title='bbox 352 3239 548 3312; x_wconf 79' lang='lat' dir='ltr'>Cupiennium,</span> <span class='ocrx_word' id='word_1_326' title='bbox 572 3241 750 3312; x_wconf 78' lang='lat' dir='ltr'>Sallustium,</span> <span class='ocrx_word' id='word_1_327' title='bbox 772 3242 960 3299; x_wconf 87' lang='lat' dir='ltr'>llaccenatem</span> <span class='ocrx_word' id='word_1_328' title='bbox 981 3243 1033 3298; x_wconf 90' lang='lat' dir='ltr'>sub</span> <span class='ocrx_word' id='word_1_329' title='bbox 1051 3240 1161 3298; x_wconf 87' lang='lat' dir='ltr'>llaltini</span> 
     </span>
     <span class='ocr_line' id='line_1_37' title="bbox 162 3325 1161 3405; baseline 0.001 -28"><span class='ocrx_word' id='word_1_330' title='bbox 162 3325 291 3394; x_wconf 88' lang='lat' dir='ltr'>nomina,</span> <span class='ocrx_word' id='word_1_331' title='bbox 307 3328 436 3395; x_wconf 79' lang='lat' dir='ltr'>testeque</span> <span class='ocrx_word' id='word_1_332' title='bbox 450 3325 521 3381; x_wconf 88' lang='lat' dir='ltr'>adeo</span> <span class='ocrx_word' id='word_1_333' title='bbox 538 3326 627 3398; x_wconf 92' lang='lat' dir='ltr'>ipsum</span> <span class='ocrx_word' id='word_1_334' title='bbox 643 3325 793 3383; x_wconf 80' lang='lat' dir='ltr'>Gaesarem</span> <span class='ocrx_word' id='word_1_335' title='bbox 807 3327 842 3382; x_wconf 92' lang='lat' dir='ltr'>ab</span> <span class='ocrx_word' id='word_1_336' title='bbox 860 3325 1007 3381; x_wconf 87' lang='lat' dir='ltr'>adulteriis</span> <span class='ocrx_word' id='word_1_337' title='bbox 1023 3325 1161 3405; x_wconf 76' lang='lat' dir='ltr'>famosum</span> 
     </span>
     <span class='ocr_line' id='line_1_38' title="bbox 162 3397 1160 3480; baseline 0.002 -20"><span class='ocrx_word' id='word_1_338' title='bbox 162 3397 345 3479; x_wconf 77' lang='lat' dir='ltr'>perstrimiit,</span> <span class='ocrx_word' id='word_1_339' title='bbox 368 3409 521 3480; x_wconf 85' lang='lat' dir='ltr'>potantium</span> <span class='ocrx_word' id='word_1_340' title='bbox 542 3410 668 3467; x_wconf 74' lang='lat' dir='ltr'>latorem</span> <span class='ocrx_word' id='word_1_341' title='bbox 689 3410 744 3466; x_wconf 90' lang='lat' dir='ltr'>sibi</span> <span class='ocrx_word' id='word_1_342' title='bbox 760 3408 942 3479; x_wconf 88' lang='lat' dir='ltr'>conciliaret,</span> <span class='ocrx_word' id='word_1_343' title='bbox 963 3414 1114 3465; x_wconf 81' lang='lat' dir='ltr'>uteorum</span> <span class='ocrx_word' id='word_1_344' title='bbox 1129 3406 1160 3462; x_wconf 92' lang='lat' dir='ltr'>in</span> 
     </span>
    </p>
   </div>
   <div class='ocr_carea' id='block_1_11' title="bbox 0 0 1268 3942">
    <p class='ocr_par' dir='ltr' id='par_1_11' title="bbox 0 0 1268 3942">
     <span class='ocr_line' id='line_1_39' title="bbox 0 0 1268 3942; baseline 0 0"><span class='ocrx_word' id='word_1_345' title='bbox 0 0 1268 3942; x_wconf 95' lang='lat' dir='ltr'> </span> 
     </span>
    </p>
   </div>
  </div>
 </body>
</html>
