2525 3942
96 178 220 256 [seseq
493 179 604 265 uranu
617 163 664 241 uj
731 198 734 207 =

94 328 209 389 Daoere
220 317 361 389 sobieitae
371 330 492 391 iucunda
504 330 610 392 oblivia
619 331 715 392 ritae?

95 410 119 471 0
131 410 243 489 quando
254 411 319 472 faba
329 411 507 492 Pythagorae
523 423 644 492 cognata
656 416 796 495 simulque

92 492 183 555 Unota
193 496 264 555 satis
276 496 374 574 pingui
385 506 526 574 ponentur
536 497 665 570 oluseula
676 497 776 559 lardo?

93 576 229 638 Onootes
241 595 407 658 poenaeque
418 579 517 657 deum,
534 580 637 660 quibus
648 584 712 660 ipse
725 584 838 661 meique
1020 590 1061 651 65
1137 604 1138 607 ¹

91 659 165 720 Ante
176 660 275 722 Larem
290 661 435 740 proprium
445 681 551 727 vescor
560 682 721 743 vernasque
733 682 873 743 proeaees
988 696 992 700 ·

91 742 181 804 Paseo
196 743 289 804 libatis
301 745 437 823 dapibus!
447 744 534 807 Prout
548 749 653 827 cuique
668 747 756 809 libido
768 758 823 827 est,

91 827 187 887 Sioeat
197 826 361 906 inaequales
372 829 478 890 oaliees
490 833 611 908 conviva
620 831 732 891 solutus

90 908 214 987 Legibus
224 911 349 989 vinsanis,
363 930 416 972 seu
428 915 493 991 quis
505 916 581 991 eapit
592 916 669 975 aeria
679 914 762 975 fortis

89 991 195 1054 Poeula
206 1011 258 1054 sea
268 994 388 1055 modieis
403 998 516 1057 uvescit
525 996 640 1057 laetius.
661 995 741 1077 Ergo
1017 1003 1060 1065 70

90 1077 191 1136 Sermo
207 1078 310 1155 oritur,
326 1096 383 1140 non
399 1077 434 1139 de
445 1080 521 1141 villis
532 1080 699 1141 domibusve
711 1082 821 1159 ebionis,
902 1137 907 1152 ,

88 1158 166 1237 Nee,
178 1159 252 1221 mele
263 1180 356 1222 neone
370 1161 466 1241 Lepos
478 1164 577 1233 saltet;
593 1164 661 1241 sed,
678 1164 755 1243 quod
769 1167 858 1244 magis
870 1166 906 1227 ad
920 1182 973 1229 nos

89 1240 211 1306 Pertinet
223 1253 253 1304 et
262 1246 376 1307 nescire
386 1245 489 1308 malum
500 1256 560 1324 est,
575 1250 729 1326 agitamus,
747 1258 874 1311 utrumne

87 1324 200 1386 Divitiis
211 1327 452 1389 hominosansint
462 1331 669 1399 virtutebeati3

88 1400 201 1485 Quidue
211 1409 246 1468 ad
257 1411 405 1487 amicitias,
418 1429 492 1471 usus
501 1422 664 1489 rectumne,
677 1413 767 1474 trabat
776 1431 845 1483 nos;
954 1406 957 1415 ¹
1015 1418 1057 1479 75

85 1490 123 1549 Et
138 1508 212 1569 quae
225 1494 262 1551 sit
270 1500 368 1552 natura
379 1493 447 1553 boni
459 1511 654 1572 summumque
668 1495 736 1572 quid
747 1498 820 1557 eius.

87 1571 208 1633 Gerrius
222 1573 295 1635 haee
305 1576 377 1635 inter
387 1576 497 1635 vicinus
508 1578 596 1654 garrit
609 1575 699 1636 aniles
796 1634 807 1641 .

85 1655 313 1718 Exreiabellas.
336 1657 721 1739 Siquisnamlaudatdrelli

85 1738 230 1800 Sollicitas
240 1742 354 1818 ignarus
367 1758 458 1820 opes,
474 1743 518 1802 sio
528 1742 642 1819 incipit:
656 1741 759 1818 „Olim

26 1858 31 1863 ·
84 1822 388 1900 „Rusticusnrbannm
403 1841 511 1893 murem
519 1843 581 1884 mas
595 1841 722 1903 paupere
734 1825 823 1885 fertur
1014 1826 1056 1887 80

83 1905 269 1984 „Accepisse
283 1925 369 1986 earo,
381 1915 510 1968 veterem
519 1916 603 1969 vetus
613 1908 722 1987 hospes
734 1910 863 1987 amioum,

82 1989 203 2069 „Asper
213 2000 242 2051 et
252 2000 374 2052 attentus
386 1993 539 2071 quaesitis,
552 2002 583 2051 ut
596 1999 689 2052 tamen
700 2001 789 2052 artum

82 2072 240 2149 „Solveret
251 2075 384 2152 hospitiis
405 2077 536 2135 animum.
571 2074 647 2148 Quid
663 2073 771 2135 multa?
791 2091 885 2155 neque
897 2074 946 2135 ille

81 2156 234 2235 „Sepositi
246 2160 349 2218 siseris
360 2176 416 2219 nae
427 2158 531 2236 longae
545 2158 645 2218 inuidit
656 2176 775 2234 avenae,

81 2238 222 2317 „Aridum
234 2249 263 2301 et
274 2255 325 2301 ore
337 2241 433 2302 ferens
445 2244 556 2302 acinum
568 2259 740 2320 semesaque
751 2240 821 2313 lardi
1012 2247 1053 2308 85

80 2322 206 2400 „Frusta
218 2321 310 2401 dedit,
324 2327 443 2403 cupiens
453 2326 531 2387 varia
547 2324 661 2386 fastidia
674 2341 766 2385 coena

80 2406 227 2484 „Vincere
237 2410 378 2485 tangentis
388 2408 463 2470 male
475 2408 587 2487 singula
602 2407 687 2469 dente
699 2406 842 2487 superb0;

48 2545 50 2549 .
79 2488 177 2567 „Gum
188 2498 269 2567 pater
286 2494 351 2567 ipse
362 2491 463 2550 domus
479 2490 561 2568 pelea
573 2500 723 2568 porrectus
734 2489 863 2550 inboma

76 2571 193 2650 „Esset
207 2571 278 2631 ador
288 2572 461 2651 loliumque,
475 2572 557 2650 dapis
567 2573 687 2632 meliora
696 2572 871 2649 relinquens.

78 2653 229 2732 „Tandem
251 2653 373 2713 urbanus
395 2654 431 2715 ad
457 2654 532 2714 hune
565 2654 667 2732 „Quid
687 2664 716 2713 te
741 2656 841 2713 iuvat“
866 2653 966 2731 inquit,
1010 2656 1053 2716 90

609 2754 700 2796 amuco

78 2819 415 2898 „„Praeruptinemoris
428 2780 816 2898 patientem’mvere’dorso?
863 2858 866 2863 -

77 2949 99 2982 „
111 2903 186 2982 „Vis
197 2910 227 2962 tu
238 2902 368 2973 hominos
379 2903 536 2981 urbemque
552 2903 622 2963 ieris
638 2917 819 2981 praeponere
830 2897 932 2959 silvis?

76 2984 331 3066 „„Garperiam,
349 2985 531 3063 mihicrede,
554 3003 670 3064 eomes,
693 2984 836 3047 terrestria
853 2982 975 3063 quando

77 3068 268 3149 „„biortales
280 3070 385 3131 animas
395 3072 494 3130 vivunt
504 3071 619 3148 sortita,
638 3086 734 3148 neque
745 3066 802 3129 ulla
814 3075 859 3128 est
950 3102 956 3111 -

76 3154 187 3233 „„Aat
197 3168 300 3231 magno
312 3161 359 3213 aut
369 3170 458 3230 parvo
468 3152 518 3213 leti
529 3153 695 3232 iugazquo,
706 3152 794 3230 bone,
808 3150 894 3226 eirea,
1007 3148 1047 3211 95

76 3284 97 3315 „
107 3237 299 3316 „Dumlioet,
316 3237 344 3296 in
355 3236 441 3297 rebus
456 3237 584 3297 ineundis
595 3239 661 3297 vive
673 3235 839 3367 b⁰⁸⁸¹¹³t3a
