2525 3942
109 219 297 306 mmm
383 263 389 279 ,
499 219 674 281 mmm
804 291 806 301 Α
930 245 932 252 1

261 372 375 433 Summo
387 373 527 449 carmine,
540 391 613 451 quae
625 370 735 435 Gnidon
849 387 851 396 ’

183 450 190 466 ’
310 455 522 535 Fulgentesque
535 463 611 516 tenet
623 452 761 532 Cycladas
775 466 803 518 et
813 455 928 536 Paphon
946 513 950 524 .

259 540 365 600 luuctie
379 539 602 610 risitoloribus3
829 590 833 600 ,

308 623 427 684 Dicetur
437 627 536 683 merita
548 638 606 683 uox
616 639 732 703 quoquc
742 627 833 685 nenia.

467 948 710 1005 oummx.

388 1057 441 1108 uu
470 1053 786 1109 muueuuuuuru.
865 1111 869 1122 ,

152 1208 160 1226 ,
258 1149 400 1242 Tyrrhena
409 1185 509 1246 regum
523 1141 695 1245 progenies}
713 1165 764 1226 tibi

157 1250 164 1260 ’
235 1262 237 1267 ’
256 1249 320 1310 Nou
331 1259 489 1310 anteverso
500 1249 566 1310 lene
579 1267 686 1310 merum
702 1250 772 1310 cado

308 1332 377 1394 Cum
386 1333 473 1411 llere,
485 1332 652 1411 Maecenas,
668 1347 796 1394 rosamm
808 1343 837 1394 et

350 1415 451 1478 Pressa
463 1419 517 1476 tuis
530 1417 646 1478 balanus
659 1417 769 1496 capillis

208 1609 211 1619 ¹
256 1541 416 1602 Iamdudum
428 1542 502 1620 apud
517 1560 562 1600 me
574 1549 633 1602 est:
645 1543 763 1619 eripete
777 1558 884 1621 morae,

148 1671 158 1704 s
257 1625 300 1686 lle
312 1643 428 1703 semper
439 1625 523 1684 udum
534 1625 621 1684 Tibur
633 1633 661 1684 et
674 1623 798 1684 Aesulae

307 1708 427 1769 Declive
443 1706 643 1786 contempleris
654 1725 749 1768 arvum
762 1716 790 1767 et
900 1725 901 1734 ¹

258 1838 262 1852 ,
350 1791 488 1868 Telegoni
501 1794 566 1869 iuga
581 1791 748 1870 parricidae.

257 1924 444 1991 Fastidioeam
456 1923 558 1985 desere
570 1919 682 2003 copiam
694 1930 723 1984 et

257 2007 362 2069 llolem
376 2011 562 2087 propinquam
573 2009 695 2098 uuluibps
705 2007 810 2084 arduis,

310 2091 414 2152 Omitte
425 2094 518 2152 mirari
532 2092 634 2152 beatae
657 2139 662 2150 .
847 2135 855 2144 .

220 2189 222 2195 ’
348 2174 466 2236 Fumum
478 2185 507 2235 et
518 2193 589 2255 opes
601 2176 805 2254 strepitumque
816 2173 934 2235 Romae.

257 2297 425 2378 Plerumque
436 2309 534 2379 mutue
544 2300 677 2360 divitibus
687 2301 767 2359 uices

258 2381 436 2462 llnndaeque
447 2400 535 2462 parvo
547 2384 599 2444 sub
610 2383 671 2444 lare
683 2397 837 2462 pauperum

309 2464 425 2528 Ooeuae
439 2471 500 2528 sine
512 2467 619 2528 aulaeis
638 2473 666 2526 et
680 2475 758 2528 ostro

350 2550 507 2620 Sollicitam
519 2550 683 2628 explicuere
695 2549 824 2622 frontem.

259 2668 420 2735 lamclarus
435 2675 578 2736 occultum
588 2673 785 2734 Andromedae
798 2680 878 2749 pater
945 2719 948 2730 .
1077 2697 1080 2704 ·

190 2799 195 2811 i
260 2757 390 2820 Ostendit
403 2761 516 2837 iguem,
530 2761 585 2818 iam
596 2757 727 2833 Procyon
740 2757 807 2816 furit
915 2775 919 2784 ·

309 2839 665 2904 Etstellaresaui-Leonis

303 2966 308 2986 .
352 2924 420 2985 Sole
432 2926 493 2986 dies
504 2926 648 3026 referente
663 2926 772 2986 siccos:
839 2925 844 2942 ⁴

258 3046 317 3108 lam
328 3058 426 3128 pastor
439 3052 550 3111 umbras
562 3068 625 3111 cum
640 3067 729 3128 grege
740 3047 873 3127 languido

259 3131 420 3214 Rivumque
432 3134 528 3195 fessus
543 3137 653 3215 quaerit
664 3143 692 3194 ct
703 3132 807 3193 horridi

309 3213 430 3277 Domata
446 3217 567 3295 Siluani,
584 3221 718 3296 ceretipue

356 3298 429 3379 Ripa
438 3305 521 3380 vagis
530 3303 667 3362 taciturna
680 3301 783 3360 ventis.
