2525 3942
116 179 265 313 innan]
490 219 493 236 ·
535 228 647 291 unna
661 228 685 291 1.

7 361 8 374 ἵ
121 383 205 444 Plebs
220 384 289 443 eris.
310 382 348 445 At
363 383 444 460 pueri
457 380 586 442 ludentes
598 382 686 460 „Rex
698 380 877 460 eris“aiunt,

119 467 176 543 „Si
186 476 267 528 recte
280 466 408 526 iacies.“
433 464 487 525 llic
500 482 596 525 murus
610 466 735 526 aheneus
751 472 830 525 esto:

118 550 166 611 Nil
178 551 310 610 conscire
321 548 394 625 sibi,
410 546 486 608 nulla
500 548 661 626 pallescere
673 548 766 626 culpa.

118 632 241 711 Roscia,
255 633 301 692 dic
312 631 528 704 sodcs‚'rnelior
539 631 587 692 lex
598 650 633 693 an
645 649 796 711 puerorum
808 640 853 692 est
875 706 876 711 γ

117 715 227 793 Nouia,
241 719 315 795 quae
326 732 444 793 regnum
454 724 535 775 recte
547 715 717 776 facientibus
729 715 822 793 offert,

117 798 155 859 Et
166 800 290 860 maribus
302 799 395 859 Curiis
411 806 440 857 et
451 797 596 874 decantata
612 796 759 859 Camillis?

117 881 185 943 lsne
199 882 250 942 tibi
268 881 370 942 melius
386 882 501 958 suadet,
520 883 569 959 qui
584 882 680 959 „Rern
692 882 791 957 iacias,
804 899 874 959 rem,
916 884 920 890 '
1045 886 1085 945 65

117 964 894 1128 ”titttttntttntttanttttttttttttt’

114 1092 236 1212 anui,
251 1131 394 1192 Fortunae
405 1139 434 1189 te
445 1148 619 1210 responsare
629 1132 772 1210 superbae

114 1214 245 1275 Liberum
255 1224 437 1290 etorectuur,
459 1232 597 1293 praesens
608 1216 736 1276 hortatur
748 1226 777 1277 ct
787 1213 882 1295 aptat?
1038 1263 1043 1273 ,

115 1298 227 1371 Quodsi
237 1316 284 1357 rne
296 1296 421 1376 populus
432 1296 575 1359 Romanus
586 1299 660 1359 forte
674 1308 841 1377 roget,.cur
1043 1304 1101 1365 70*

114 1382 179 1442 Non
194 1390 225 1440 ut
236 1380 395 1458 porticibus
412 1382 455 1438 sic
466 1381 579 1440 iudiciis
591 1383 667 1442 fruar
678 1382 779 1460 isdem,

2 1467 3 1470 ’
113 1462 178 1523 Nec
189 1480 294 1542 sequar
304 1471 351 1522 aut
362 1461 467 1538 tugiam
479 1480 552 1540 quae
566 1463 658 1542 diligit
669 1467 733 1541 ipse
748 1464 796 1525 vel
807 1466 880 1526 odit:

2 1581 3 1624 ,
116 1545 190 1606 Olim
203 1545 282 1624 quod
293 1544 398 1622 vulpes
408 1555 528 1622 aegroto
543 1555 625 1607 cauta
635 1545 718 1606 leoni·

113 1628 289 1707 Respondit,
304 1629 442 1688 reiorum:
458 1628 557 1704 „Quia
567 1646 614 1688 mo
623 1630 746 1707 vestigia
760 1638 878 1706 terrent,

113 1713 239 1790 „Omnia
251 1722 281 1772 te
296 1710 446 1772 adversum
460 1713 635 1789 spectantia,
647 1711 723 1771 nulla
733 1717 923 1772 retrorsum.“
1042 1715 1082 1777 75
1197 1714 1202 1727 '

112 1795 212 1857 Bellus
223 1794 374 1855 multorum
386 1812 419 1854 es
430 1796 563 1873 capitum.
575 1793 646 1855 Nam
658 1794 726 1874 quid
735 1812 849 1874 sequar,
858 1804 905 1856 aut
916 1793 1021 1876 penul

111 1878 181 1940 Pars
195 1878 338 1940 hominurn
349 1880 437 1957 gestit
451 1878 612 1939 conducere
623 1878 752 1957 publica;¹
760 1884 827 1938 'sunt
842 1882 890 1959 qui

113 1962 224 2023 (irustis
236 1971 265 2023 ct
276 1964 369 2041 potuis
379 1962 479 2023 viduas
489 1971 627 2022 venentur
637 1980 746 2041 omres,

111 2042 321 2124 Excipiantque
331 2063 429 2121 senes,
448 2060 522 2123 quos
533 2047 562 2105 in
574 2047 682 2106 vivaria
693 2048 820 2116 mittente

110 2126 207 2190 Multis
223 2128 338 2188 occulto
355 2129 459 2188 crescit
469 2146 517 2187 res
528 2128 659 2190 foenore.
681 2127 786 2189 Verum
954 2162 960 2175 κ
1042 2122 1102 2197 80'

110 2210 202 2290 Esto,
215 2210 278 2273 aliis
288 2210 360 2273 alios
370 2212 457 2272 rebus
469 2210 628 2291 studiisque
642 2204 747 2274 teneri:

88 2315 100 2348 π
110 2295 192 2355 ldem
203 2294 302 2356 eadem
315 2304 435 2375 possunt
445 2296 544 2366 horam
557 2295 658 2356 durare
670 2294 846 2375 probantes?

110 2379 237 2457 „Nullus
251 2381 282 2438 in
293 2380 363 2439 orbe
377 2381 455 2439 sinus
466 2378 543 2439 Baiis
555 2380 702 2457 praelucet
713 2382 875 2463 amoenis“,
922 2378 925 2387 ⁴

111 2465 142 2523 Si
155 2462 224 2523 dixit
236 2462 316 2522 dives
328 2482 336 2521 τ
347 2462 428 2522 lacus
441 2471 470 2521 et
479 2480 557 2522 rnare
568 2464 655 2536 sentit
666 2479 791 2523 aurorem

109 2544 373 2611 Festinantisheri3
387 2544 685 2603 cuisivitiosalibido
1041 2551 1082 2612 85

110 2627 225 2688 Fecerit
235 2627 403 2703 auspicium,
417 2624 512 2701 „Cras
523 2625 692 2685 ferramenta
703 2625 829 2693 Teanum

109 2710 247 2785 Toliatis,
260 2708 371 2768 labril“
392 2708 496 2769 Lectus
507 2707 627 2785 genialis
640 2709 668 2767 in
682 2707 745 2768 aula
760 2718 817 2769 est:

85 2831 92 2844 ·
108 2793 157 2855 Nil
168 2794 207 2853 ait
219 2808 285 2851 esse
296 2793 390 2869 prius,
405 2790 508 2851 melius
525 2789 564 2851 nil
576 2790 689 2851 coelibe
704 2792 776 2860 vita;

108 2877 140 2937 Si
155 2893 213 2937 non
225 2884 284 2953 est,
296 2876 370 2935 iurat
385 2875 459 2935 bene
473 2873 544 2934 solis
559 2892 625 2934 esse
639 2876 755 2935 maritis.

108 2959 298 3034 Quotcnearn
309 2958 565 3019 vultusmutantcm
576 2957 678 3019 Protea
691 2957 787 3019 nodo?
841 2991 843 2997 ·
930 2964 932 2971 ’
1040 2966 1082 3028 9ο

110 3042 185 3117 Quid
195 3040 329 3121 paupcr‘l
350 3042 538 3110 Bidctmutat
549 3042 722 3120 coenacula,
735 3042 839 3122 lectos,

107 3127 229 3203 Balnea,
244 3136 392 3203 tonsores,
406 3127 547 3187 conducto
556 3128 672 3206 navigio
684 3144 775 3206 aeque

107 3210 235 3271 Nauseat
246 3228 281 3271 ac
291 3209 540 3291 locuplesquen
551 3209 628 3271 ducit
640 3213 719 3290 priva
729 3213 861 3274 trircnris.

108 3294 140 3354 Si
152 3302 265 3356 curatus
276 3294 418 3374 inaequali
428 3304 545 3356 tonsore
556 3295 678 3373 capillos
