2525 3942
186 229 251 291 aso
317 208 322 216 ’
560 223 822 307 nrrsuomnun
1009 228 1164 315 [upana]

143 435 152 449 ,
274 379 419 439 Obscurus
432 378 484 445 llo;
498 385 653 436 sectantem
665 376 739 435 levia
755 377 834 435 nervi

272 463 416 535 Deficiunt
426 462 582 537 animique;
597 460 747 537 proiessus
758 458 993 541 grandia-turgeu

273 545 369 622 Serpit
381 545 457 603 humi
468 552 545 602 tutus
558 544 672 604 nimiam
683 542 855 619 timidusque
867 540 1027 617 procellae;

210 619 218 630 ’
274 628 329 700 Qui
341 628 451 686 variare
465 620 613 703 cupit'rem
625 624 820 703 prodigialiter
832 642 923 698 unam,
970 643 974 647 ·

209 710 252 771 30
272 709 443 787 Delphinum
455 707 534 768 siluis
545 710 692 786 appingit,
709 707 841 767 ductibus
853 723 965 783 aprum:

273 793 305 853 ln
315 793 412 851 vitium
424 791 501 851 ducit
512 790 614 867 culpae
626 792 714 867 iuga,
733 793 758 849 si
771 797 847 849 caret
858 796 928 847 arte.

272 876 423 936 Aemilium
434 877 509 934 circa
520 874 615 934 ludum
627 873 707 933 iaber
717 874 788 933 imus
801 882 829 931 et
840 889 950 948 ungues

272 960 419 1037 Exprimet
429 967 460 1017 et
470 956 572 1017 molles
583 956 735 1016 imitabitur
743 972 811 1015 acre
823 953 952 1031 capillos,

273 1041 377 1101 Inielix
388 1042 485 1118 operis
500 1058 624 1116 summa,
642 1041 707 1117 quia
719 1055 827 1119 ponere
838 1046 927 1109 totum

210 1125 252 1186 35
273 1124 405 1184 Nesciet:
423 1124 497 1183 bunc
508 1139 565 1200 ego
576 1127 644 1199 mc,
659 1124 684 1181 si
698 1122 765 1199 quid
779 1137 952 1199 componere
963 1136 1069 1195 curem,

274 1207 338 1267 Non
349 1207 440 1283 magis
451 1224 517 1265 esse
528 1205 630 1280 velim,
649 1223 732 1281 quam
743 1222 813 1264 naso
824 1206 922 1263 vivere
934 1218 1022 1280 pravo

275 1288 465 1367 Spectandum
477 1290 568 1365 nigris
580 1287 672 1346 oculis
684 1290 825 1365 nigroque
836 1286 951 1364 capillo.

274 1373 381 1432 Sumite
392 1373 534 1430 materiam
544 1372 659 1446 vestris,
679 1374 727 1448 qui
739 1372 875 1445 scribitis,
891 1386 1009 1447 aequam

273 1454 405 1530 Viribus,
422 1463 451 1513 et
461 1463 573 1514 versate
585 1453 649 1529 din,
667 1454 733 1531 quid
743 1455 821 1513 ferre
835 1461 977 1523 recusent,

211 1539 254 1603 40
275 1536 350 1609 Quid
361 1537 473 1597 valeant
486 1538 605 1597 humeri.
626 1535 682 1596 Cui
693 1536 768 1596 lecta
785 1543 915 1615 potenter
930 1537 982 1594 erit
992 1552 1052 1611 res,-

273 1620 335 1703 llec
347 1618 475 1679 facundia
487 1620 602 1679 deseret
612 1621 687 1679 hunc
697 1638 751 1680 nec
762 1617 872 1679 lucidus
885 1617 965 1677 ordo.
1069 1615 1073 1619 ’

275 1701 388 1762 Ordinis
399 1703 471 1761 lraec
481 1705 570 1761 uirtus
582 1705 637 1763 erit
648 1711 676 1762 et
688 1720 795 1778 venus,
816 1710 862 1761 aut
875 1717 931 1778 ego
943 1700 1035 1777 lallor,

274 1785 312 1844 Ut
322 1786 377 1844 iam
385 1801 460 1844 nunc
471 1783 546 1844 dicat
559 1787 613 1844 iam
624 1803 698 1845 nunc
710 1784 841 1845 debentia
854 1785 921 1859 dici,

210 1941 216 1949 .
274 1866 414 1945 Pleraque
425 1866 536 1927 diderat
546 1878 575 1927 et
586 1885 723 1945 praesens
734 1870 762 1929 in
775 1878 887 1945 tempus
899 1868 1021 1934 omittat;

210 1956 251 2019 45
274 1951 337 2010 lloc
347 1959 436 2026 amet,
452 1951 509 2009 hoc
520 1959 634 2028 spernat
646 1952 779 2027 promissi
791 1951 920 2010 carminis
935 1958 1042 2033 auctor.

274 2033 306 2093 ln
317 2033 413 2093 verbis
426 2036 510 2092 etiam
520 2036 614 2093 tenuis
625 2042 782 2109 cautusque
794 2032 936 2108 serendis,

273 2115 387 2175 Dixeris
399 2111 533 2193 egregie,
549 2126 646 2175 notum
657 2118 681 2174 si
694 2115 926 2175 callida-verbum

272 2196 439 2256 Reddiderit
449 2200 576 2257 iunctura
587 2214 701 2256 novum.
724 2197 755 2255 Si
767 2198 841 2256 iorte
852 2216 975 2257 necesse
986 2206 1045 2267 est,

272 2278 387 2337 lndiciis
399 2287 555 2342 monstrare
566 2278 728 2337 recentibus
740 2280 832 2346 abdita
843 2297 953 2339 rerum:

210 2365 251 2424 50
269 2361 393 2439 Fingere
406 2361 537 2420 cinctutis
551 2358 609 2419 nolr
619 2358 899 2437 exauditatlctbegis

273 2442 424 2521 Continget
435 2442 602 2520 dabiturque
612 2443 727 2503 licentia
739 2453 828 2504 sumta
840 2445 990 2528 pudenter,

272 2524 308 2587 Et
319 2542 392 2586 nova
404 2526 525 2603 luctaque
536 2544 626 2603 nuper
636 2527 779 2587 habebunt
788 2533 875 2587 verba
887 2528 987 2605 iidem,
1007 2531 1031 2588 si

272 2608 382 2669 Graeco
393 2609 472 2667 fonte
485 2608 586 2669 cadent
597 2628 684 2687 paroc
697 2610 815 2689 detorta.
838 2609 913 2683 Quid
925 2611 1018 2671 autem

273 2691 398 2752 Caecilio
409 2690 488 2751 Plaut
549 2693 652 2752 cdabit
665 2692 826 2771 Romanus,
845 2694 984 2754 ademtam

210 2777 249 2839 55
271 2774 392 2865 Virgilio
403 2774 568 2853 Varioque?
582 2775 647 2854 Ego
660 2794 724 2852 cur,
741 2780 891 2855 acquirere
902 2786 990 2854 pauca

273 2858 302 2917 Si
315 2876 446 2935 possum,
463 2859 609 2935 irrideor,
626 2877 690 2918 oum
701 2858 796 2938 lingua
810 2859 924 2920 Catonis
937 2869 967 2920 et
976 2858 1050 2921 Enni

271 2941 436 3001 Sermonem
447 2944 566 3019 patrium
576 2942 707 3009 ditaverit
718 2952 746 3001 et
756 2960 829 3003 nova
842 2958 936 3003 rerum

271 3022 390 3091 Nomina
402 3023 569 3101 protulerit?
583 3024 675 3084 Licuit
685 3041 854 3103 semperque
867 3025 966 3086 licebit

226 3136 234 3150 ι
271 3107 416 3182 Signatum
425 3116 576 3183 praesente
585 3116 652 3167 nota
663 3106 821 3183 producere
836 3126 967 3168 nomen.-

207 3191 250 3249 60
270 3187 494 3247 lltsilvaefoliis
506 3191 909 3266 pronosmutanturinannos,
967 3188 971 3205 '

271 3268 360 3331 Prima
372 3270 487 3331 cadunt:
501 3273 539 3330 ita
549 3273 701 3363 verborum
711 3281 796 3331 uetus
805 3275 899 3333 interit
909 3281 998 3347 aetas,
