<?xml version="1.0" encoding="UTF-8"?>
<!DOCTYPE html PUBLIC "-//W3C//DTD XHTML 1.0 Transitional//EN"
    "http://www.w3.org/TR/xhtml1/DTD/xhtml1-transitional.dtd">
<html xmlns="http://www.w3.org/1999/xhtml" xml:lang="en" lang="en">
 <head>
  <title>
</title>
<meta http-equiv="Content-Type" content="text/html;charset=utf-8" />
  <meta name='ocr-system' content='tesseract 3.04.00' />
  <meta name='ocr-capabilities' content='ocr_page ocr_carea ocr_par ocr_line ocrx_word'/>
</head>
<body>
  <div class='ocr_page' id='page_1' title='image "./qhoratiiflaccio02schmgoog_0036.png"; bbox 0 0 2525 3942; ppageno 0'>
   <div class='ocr_carea' id='block_1_1' title="bbox 158 201 855 270">
    <p class='ocr_par' dir='ltr' id='par_1_1' title="bbox 158 201 855 270">
     <span class='ocr_line' id='line_1_1' title="bbox 158 201 855 270; baseline 0.003 -21"><span class='ocrx_word' id='word_1_1' title='bbox 158 211 240 260; x_wconf 67' lang='grc' dir='ltr'><strong>χχχ.</strong></span> <span class='ocrx_word' id='word_1_2' title='bbox 458 205 506 254; x_wconf 79' lang='lat' dir='ltr'><strong>ou</strong></span> <span class='ocrx_word' id='word_1_3' title='bbox 530 205 611 250; x_wconf 79' lang='lat' dir='ltr'><strong>vans</strong></span> <span class='ocrx_word' id='word_1_4' title='bbox 633 204 680 250; x_wconf 80' lang='lat' dir='ltr'><strong>sn</strong></span> <span class='ocrx_word' id='word_1_5' title='bbox 702 201 855 270; x_wconf 73' lang='lat' dir='ltr'><strong>semema</strong></span> 
     </span>
    </p>
   </div>
   <div class='ocr_carea' id='block_1_2' title="bbox 137 363 1195 1190">
    <p class='ocr_par' dir='ltr' id='par_1_2' title="bbox 159 363 1156 680">
     <span class='ocr_line' id='line_1_2' title="bbox 160 363 1156 437; baseline -0.005 -8"><span class='ocrx_word' id='word_1_6' title='bbox 160 374 247 430; x_wconf 90' lang='lat' dir='ltr'><strong>risum</strong></span> <span class='ocrx_word' id='word_1_7' title='bbox 264 371 405 434; x_wconf 86' lang='lat' dir='ltr'><strong>moveret,</strong></span> <span class='ocrx_word' id='word_1_8' title='bbox 428 366 496 433; x_wconf 89' lang='lat' dir='ltr'><strong>sed,</strong></span> <span class='ocrx_word' id='word_1_9' title='bbox 512 363 612 424; x_wconf 84' lang='lat' dir='ltr'><strong>Lucilii</strong></span> <span class='ocrx_word' id='word_1_10' title='bbox 629 364 784 435; x_wconf 66' lang='lat' dir='ltr'><strong>exemplum</strong></span> <span class='ocrx_word' id='word_1_11' title='bbox 802 371 933 433; x_wconf 87' lang='lat' dir='ltr'><strong>secutos,</strong></span> <span class='ocrx_word' id='word_1_12' title='bbox 950 371 981 421; x_wconf 89' lang='lat' dir='ltr'><strong>ot</strong></span> <span class='ocrx_word' id='word_1_13' title='bbox 996 365 1156 437; x_wconf 82' lang='lat' dir='ltr'><strong>aequalium</strong></span> 
     </span>
     <span class='ocr_line' id='line_1_3' title="bbox 159 447 1155 526; baseline -0.007 -13"><span class='ocrx_word' id='word_1_14' title='bbox 159 455 284 514; x_wconf 85' lang='lat' dir='ltr'><strong>moribus</strong></span> <span class='ocrx_word' id='word_1_15' title='bbox 301 449 478 520; x_wconf 77' lang='lat' dir='ltr'><strong>corrigendis</strong></span> <span class='ocrx_word' id='word_1_16' title='bbox 500 448 660 506; x_wconf 77' lang='lat' dir='ltr'><strong>inserviret.</strong></span> <span class='ocrx_word' id='word_1_17' title='bbox 705 447 772 504; x_wconf 85' lang='lat' dir='ltr'><strong>Nam</strong></span> <span class='ocrx_word' id='word_1_18' title='bbox 794 449 832 505; x_wconf 85' lang='lat' dir='ltr'><strong>ita</strong></span> <span class='ocrx_word' id='word_1_19' title='bbox 849 449 956 505; x_wconf 90' lang='lat' dir='ltr'><strong>demum</strong></span> <span class='ocrx_word' id='word_1_20' title='bbox 978 450 1155 526; x_wconf 78' lang='lat' dir='ltr'><strong>reipublicae</strong></span> 
     </span>
     <span class='ocr_line' id='line_1_4' title="bbox 160 533 1155 613; baseline -0.004 -17"><span class='ocrx_word' id='word_1_21' title='bbox 160 555 246 613; x_wconf 90' lang='lat' dir='ltr'><strong>posse</strong></span> <span class='ocrx_word' id='word_1_22' title='bbox 268 535 377 592; x_wconf 89' lang='lat' dir='ltr'><strong>consuli</strong></span> <span class='ocrx_word' id='word_1_23' title='bbox 395 548 559 606; x_wconf 88' lang='lat' dir='ltr'><strong>persuasum</strong></span> <span class='ocrx_word' id='word_1_24' title='bbox 576 533 713 602; x_wconf 86' lang='lat' dir='ltr'><strong>habebat,</strong></span> <span class='ocrx_word' id='word_1_25' title='bbox 740 533 764 591; x_wconf 91' lang='lat' dir='ltr'><strong>si</strong></span> <span class='ocrx_word' id='word_1_26' title='bbox 781 534 860 588; x_wconf 89' lang='lat' dir='ltr'><strong>cives</strong></span> <span class='ocrx_word' id='word_1_27' title='bbox 875 534 986 605; x_wconf 88' lang='lat' dir='ltr'><strong>priscos</strong></span> <span class='ocrx_word' id='word_1_28' title='bbox 1003 534 1038 611; x_wconf 78' lang='lat' dir='ltr'><strong>ad</strong></span> <span class='ocrx_word' id='word_1_29' title='bbox 1060 549 1155 592; x_wconf 85' lang='lat' dir='ltr'><strong>mores</strong></span> 
     </span>
     <span class='ocr_line' id='line_1_5' title="bbox 159 625 439 680; baseline -0.025 -1"><span class='ocrx_word' id='word_1_30' title='bbox 159 625 369 680; x_wconf 68' lang='lat' dir='ltr'><strong>revocarentur.</strong></span> <span class='ocrx_word' id='word_1_31' title='bbox 436 636 439 644; x_wconf 47' lang='lat' dir='ltr'><em>s</em></span> 
     </span>
    </p>

    <p class='ocr_par' dir='ltr' id='par_1_3' title="bbox 137 699 1195 1190">
     <span class='ocr_line' id='line_1_6' title="bbox 218 699 1195 775; baseline -0.003 -15"><span class='ocrx_word' id='word_1_32' title='bbox 218 761 220 768; x_wconf 68' lang='grc'>,</span> <span class='ocrx_word' id='word_1_33' title='bbox 245 703 294 760; x_wconf 89' lang='lat' dir='ltr'><strong>His</strong></span> <span class='ocrx_word' id='word_1_34' title='bbox 318 702 447 775; x_wconf 77' lang='lat' dir='ltr'>poeticae</span> <span class='ocrx_word' id='word_1_35' title='bbox 475 701 588 760; x_wconf 83' lang='lat' dir='ltr'><strong>virtutis</strong></span> <span class='ocrx_word' id='word_1_36' title='bbox 610 717 677 756; x_wconf 86' lang='lat' dir='ltr'><strong>suae</strong></span> <span class='ocrx_word' id='word_1_37' title='bbox 699 699 846 772; x_wconf 85' lang='lat' dir='ltr'><strong>primitiis,</strong></span> <span class='ocrx_word' id='word_1_38' title='bbox 867 728 911 742; x_wconf 80' lang='lat'><em>-</em></span> <span class='ocrx_word' id='word_1_39' title='bbox 931 717 1044 771; x_wconf 89' lang='lat' dir='ltr'><strong>quarum</strong></span> <span class='ocrx_word' id='word_1_40' title='bbox 1064 701 1155 772; x_wconf 83' lang='lat' dir='ltr'><strong>prime</strong></span> <span class='ocrx_word' id='word_1_41' title='bbox 1191 717 1195 726; x_wconf 69' lang='grc'><em>’</em></span> 
     </span>
     <span class='ocr_line' id='line_1_7' title="bbox 160 779 1156 857; baseline -0.006 -11"><span class='ocrx_word' id='word_1_42' title='bbox 160 791 271 846; x_wconf 82' lang='lat' dir='ltr'><strong>videtur</strong></span> <span class='ocrx_word' id='word_1_43' title='bbox 293 779 357 844; x_wconf 79' lang='lat' dir='ltr'><strong>esse</strong></span> <span class='ocrx_word' id='word_1_44' title='bbox 373 787 458 844; x_wconf 88' lang='lat' dir='ltr'><strong>satira</strong></span> <span class='ocrx_word' id='word_1_45' title='bbox 479 786 545 842; x_wconf 84' lang='lat' dir='ltr'><strong>libri</strong></span> <span class='ocrx_word' id='word_1_46' title='bbox 564 785 646 857; x_wconf 87' lang='lat' dir='ltr'><strong>primi</strong></span> <span class='ocrx_word' id='word_1_47' title='bbox 660 784 794 856; x_wconf 86' lang='lat' dir='ltr'><strong>septima,</strong></span> <span class='ocrx_word' id='word_1_48' title='bbox 817 800 870 854; x_wconf 85' lang='lat' dir='ltr'><strong>qua</strong></span> <span class='ocrx_word' id='word_1_49' title='bbox 891 784 1058 856; x_wconf 83' lang='lat' dir='ltr'><strong>paulopost</strong></span> <span class='ocrx_word' id='word_1_50' title='bbox 1076 787 1156 841; x_wconf 86' lang='lat' dir='ltr'><strong>redi-</strong></span> 
     </span>
     <span class='ocr_line' id='line_1_8' title="bbox 160 867 1156 944; baseline -0.006 -14"><span class='ocrx_word' id='word_1_51' title='bbox 160 883 216 930; x_wconf 87' lang='grc' dir='ltr'>ιιιιιι</span> <span class='ocrx_word' id='word_1_52' title='bbox 237 874 266 928; x_wconf 91' lang='lat' dir='ltr'><strong>in</strong></span> <span class='ocrx_word' id='word_1_53' title='bbox 283 871 400 944; x_wconf 86' lang='lat' dir='ltr'><strong>patriam</strong></span> <span class='ocrx_word' id='word_1_54' title='bbox 420 888 447 926; x_wconf 89' lang='lat' dir='ltr'><strong>a.</strong></span> <span class='ocrx_word' id='word_1_55' title='bbox 465 887 490 924; x_wconf 83' lang='grc' dir='ltr'><strong>ιι</strong></span> <span class='ocrx_word' id='word_1_56' title='bbox 514 885 537 924; x_wconf 93' lang='lat' dir='ltr'><strong>c.</strong></span> <span class='ocrx_word' id='word_1_57' title='bbox 556 872 607 927; x_wconf 83' lang='grc'><strong>713</strong></span> <span class='ocrx_word' id='word_1_58' title='bbox 623 867 718 938; x_wconf 90' lang='lat' dir='ltr'><strong>lepide</strong></span> <span class='ocrx_word' id='word_1_59' title='bbox 733 873 842 936; x_wconf 86' lang='lat' dir='ltr'><strong>narrat,</strong></span> <span class='ocrx_word' id='word_1_60' title='bbox 863 869 1003 939; x_wconf 87' lang='lat' dir='ltr'><strong>quomodo</strong></span> <span class='ocrx_word' id='word_1_61' title='bbox 1023 867 1051 924; x_wconf 83' lang='lat' dir='ltr'><strong>P.</strong></span> <span class='ocrx_word' id='word_1_62' title='bbox 1069 869 1156 941; x_wconf 84' lang='lat' dir='ltr'><strong>Rupi-</strong></span> 
     </span>
     <span class='ocr_line' id='line_1_9' title="bbox 161 949 1155 1026; baseline -0.003 -14"><span class='ocrx_word' id='word_1_63' title='bbox 161 960 215 1012; x_wconf 91' lang='lat' dir='ltr'><strong>lius</strong></span> <span class='ocrx_word' id='word_1_64' title='bbox 226 957 285 1012; x_wconf 84' lang='lat' dir='ltr'><strong>Rex</strong></span> <span class='ocrx_word' id='word_1_65' title='bbox 300 972 361 1010; x_wconf 91' lang='lat' dir='ltr'><strong>cum</strong></span> <span class='ocrx_word' id='word_1_66' title='bbox 373 953 469 1008; x_wconf 89' lang='lat' dir='ltr'><strong>Persio</strong></span> <span class='ocrx_word' id='word_1_67' title='bbox 482 953 599 1026; x_wconf 86' lang='lat' dir='ltr'><strong>quodam</strong></span> <span class='ocrx_word' id='word_1_68' title='bbox 613 949 786 1022; x_wconf 71' lang='lat' dir='ltr'><strong>Clazomenis</strong></span> <span class='ocrx_word' id='word_1_69' title='bbox 798 967 892 1007; x_wconf 90' lang='lat' dir='ltr'><strong>coram</strong></span> <span class='ocrx_word' id='word_1_70' title='bbox 904 952 938 1006; x_wconf 85' lang='lat' dir='ltr'><strong>bi.</strong></span> <span class='ocrx_word' id='word_1_71' title='bbox 952 953 1052 1021; x_wconf 90' lang='lat' dir='ltr'><strong>Bruto,</strong></span> <span class='ocrx_word' id='word_1_72' title='bbox 1065 953 1155 1010; x_wconf 82' lang='lat' dir='ltr'><strong>Asiae</strong></span> 
     </span>
     <span class='ocr_line' id='line_1_10' title="bbox 137 1034 1156 1112; baseline -0.008 -12"><span class='ocrx_word' id='word_1_73' title='bbox 137 1047 361 1112; x_wconf 85' lang='lat' dir='ltr'><strong>propraetore,</strong></span> <span class='ocrx_word' id='word_1_74' title='bbox 384 1037 519 1092; x_wconf 88' lang='lat' dir='ltr'><strong>acerrima</strong></span> <span class='ocrx_word' id='word_1_75' title='bbox 542 1035 726 1102; x_wconf 26' lang='lat' dir='ltr'><strong>contentione,</strong></span> <span class='ocrx_word' id='word_1_76' title='bbox 740 1034 874 1104; x_wconf 82' lang='lat' dir='ltr'><strong>litigarit,</strong></span> <span class='ocrx_word' id='word_1_77' title='bbox 898 1050 978 1106; x_wconf 82' lang='lat' dir='ltr'><strong>quam</strong></span> <span class='ocrx_word' id='word_1_78' title='bbox 999 1053 1072 1092; x_wconf 85' lang='lat' dir='ltr'><strong>anno</strong></span> <span class='ocrx_word' id='word_1_79' title='bbox 1089 1043 1156 1108; x_wconf 84' lang='lat' dir='ltr'><strong>post</strong></span> 
     </span>
     <span class='ocr_line' id='line_1_11' title="bbox 160 1118 1155 1190; baseline -0.003 -11"><span class='ocrx_word' id='word_1_80' title='bbox 160 1129 257 1179; x_wconf 89' lang='lat' dir='ltr'><strong>secuta</strong></span> <span class='ocrx_word' id='word_1_81' title='bbox 281 1126 324 1176; x_wconf 91' lang='lat' dir='ltr'><strong>est</strong></span> <span class='ocrx_word' id='word_1_82' title='bbox 345 1120 410 1176; x_wconf 90' lang='lat' dir='ltr'><strong>iibri</strong></span> <span class='ocrx_word' id='word_1_83' title='bbox 420 1119 517 1190; x_wconf 59' lang='lat' dir='ltr'><strong>*primi</strong></span> <span class='ocrx_word' id='word_1_84' title='bbox 543 1118 629 1176; x_wconf 87' lang='lat' dir='ltr'><strong>satira</strong></span> <span class='ocrx_word' id='word_1_85' title='bbox 654 1119 795 1187; x_wconf 88' lang='lat' dir='ltr'><strong>secunda,</strong></span> <span class='ocrx_word' id='word_1_86' title='bbox 818 1135 871 1189; x_wconf 87' lang='lat' dir='ltr'><strong>qua</strong></span> <span class='ocrx_word' id='word_1_87' title='bbox 887 1119 1036 1189; x_wconf 88' lang='lat' dir='ltr'><strong>complura</strong></span> <span class='ocrx_word' id='word_1_88' title='bbox 1063 1121 1155 1176; x_wconf 85' lang='lat' dir='ltr'><strong>homi·</strong></span> 
     </span>
    </p>
   </div>
   <div class='ocr_carea' id='block_1_3' title="bbox 80 1200 1250 1276">
    <p class='ocr_par' dir='ltr' id='par_1_4' title="bbox 80 1200 1250 1276">
     <span class='ocr_line' id='line_1_12' title="bbox 80 1200 1250 1276; baseline -0.003 -14"><span class='ocrx_word' id='word_1_89' title='bbox 80 1217 84 1232; x_wconf 82' lang='lat'><em>&#39;</em></span> <span class='ocrx_word' id='word_1_90' title='bbox 160 1223 222 1262; x_wconf 91' lang='lat' dir='ltr'><strong>num</strong></span> <span class='ocrx_word' id='word_1_91' title='bbox 242 1219 363 1276; x_wconf 81' lang='lat' dir='ltr'><strong>genera,</strong></span> <span class='ocrx_word' id='word_1_92' title='bbox 386 1203 433 1272; x_wconf 91' lang='lat' dir='ltr'><strong>qui</strong></span> <span class='ocrx_word' id='word_1_93' title='bbox 451 1200 821 1272; x_wconf 72' lang='lat' dir='ltr'><strong>luxuriae&#39;libidioibusque</strong></span> <span class='ocrx_word' id='word_1_94' title='bbox 845 1203 966 1258; x_wconf 86' lang='lat' dir='ltr'><strong>immersi</strong></span> <span class='ocrx_word' id='word_1_95' title='bbox 991 1208 1039 1259; x_wconf 83' lang='lat' dir='ltr'><strong>aut</strong></span> <span class='ocrx_word' id='word_1_96' title='bbox 1059 1204 1155 1271; x_wconf 81' lang='lat' dir='ltr'><strong>sordi·</strong></span> <span class='ocrx_word' id='word_1_97' title='bbox 1249 1204 1250 1207; x_wconf 72' lang='grc'>’</span> 
     </span>
    </p>
   </div>
   <div class='ocr_carea' id='block_1_4' title="bbox 141 1285 1156 1444">
    <p class='ocr_par' dir='ltr' id='par_1_5' title="bbox 141 1285 1156 1444">
     <span class='ocr_line' id='line_1_13' title="bbox 159 1285 1154 1358; baseline -0.004 -12"><span class='ocrx_word' id='word_1_98' title='bbox 159 1293 211 1346; x_wconf 88' lang='lat' dir='ltr'><strong>bus</strong></span> <span class='ocrx_word' id='word_1_99' title='bbox 234 1297 262 1344; x_wconf 91' lang='lat' dir='ltr'><strong>et</strong></span> <span class='ocrx_word' id='word_1_100' title='bbox 283 1293 362 1346; x_wconf 86' lang='lat' dir='ltr'><strong>veste</strong></span> <span class='ocrx_word' id='word_1_101' title='bbox 391 1287 532 1342; x_wconf 89' lang='lat' dir='ltr'><strong>obscoena</strong></span> <span class='ocrx_word' id='word_1_102' title='bbox 552 1286 667 1342; x_wconf 87' lang='lat' dir='ltr'><strong>notandi</strong></span> <span class='ocrx_word' id='word_1_103' title='bbox 695 1285 775 1342; x_wconf 75' lang='lat' dir='ltr'><strong>‘dum</strong></span> <span class='ocrx_word' id='word_1_104' title='bbox 801 1286 890 1342; x_wconf 87' lang='lat' dir='ltr'><strong>vitant</strong></span> <span class='ocrx_word' id='word_1_105' title='bbox 913 1287 990 1358; x_wconf 77' lang='lat' dir='ltr'><strong>stulti</strong></span> <span class='ocrx_word' id='word_1_106' title='bbox 1011 1287 1097 1356; x_wconf 84' lang='lat' dir='ltr'><strong>vitia,</strong></span> <span class='ocrx_word' id='word_1_107' title='bbox 1125 1289 1154 1344; x_wconf 92' lang='lat' dir='ltr'><strong>in</strong></span> 
     </span>
     <span class='ocr_line' id='line_1_14' title="bbox 141 1366 1156 1444; baseline 0 -14"><span class='ocrx_word' id='word_1_108' title='bbox 141 1373 300 1430; x_wconf 70' lang='lat' dir='ltr'><strong>‘contraria</strong></span> <span class='ocrx_word' id='word_1_109' title='bbox 321 1370 451 1426; x_wconf 89' lang='lat' dir='ltr'><strong>corruot&#39;</strong></span> <span class='ocrx_word' id='word_1_110' title='bbox 468 1367 526 1444; x_wconf 88' lang='lat' dir='ltr'><strong>(vs.</strong></span> <span class='ocrx_word' id='word_1_111' title='bbox 543 1366 609 1444; x_wconf 74' lang='lat'><strong>24),</strong></span> <span class='ocrx_word' id='word_1_112' title='bbox 633 1387 736 1426; x_wconf 90' lang='lat' dir='ltr'><strong>summa</strong></span> <span class='ocrx_word' id='word_1_113' title='bbox 758 1386 826 1424; x_wconf 89' lang='lat' dir='ltr'><strong>usus</strong></span> <span class='ocrx_word' id='word_1_114' title='bbox 845 1371 959 1426; x_wconf 84' lang='lat' dir='ltr'><strong>licentia</strong></span> <span class='ocrx_word' id='word_1_115' title='bbox 984 1371 1105 1440; x_wconf 80' lang='lat' dir='ltr'><strong>castigat</strong></span> <span class='ocrx_word' id='word_1_116' title='bbox 1127 1377 1156 1430; x_wconf 84' lang='lat' dir='ltr'><strong>et</strong></span> 
     </span>
    </p>
   </div>
   <div class='ocr_carea' id='block_1_5' title="bbox 160 1453 1245 1528">
    <p class='ocr_par' dir='ltr' id='par_1_6' title="bbox 160 1453 1245 1528">
     <span class='ocr_line' id='line_1_15' title="bbox 160 1453 1245 1528; baseline 0.002 -16"><span class='ocrx_word' id='word_1_117' title='bbox 160 1458 301 1528; x_wconf 79' lang='lat' dir='ltr'><strong>exagitat,</strong></span> <span class='ocrx_word' id='word_1_118' title='bbox 325 1485 369 1496; x_wconf 92' lang='lat'><em>-</em></span> <span class='ocrx_word' id='word_1_119' title='bbox 393 1453 436 1508; x_wconf 88' lang='lat' dir='ltr'><strong>his</strong></span> <span class='ocrx_word' id='word_1_120' title='bbox 460 1453 546 1524; x_wconf 71' lang='lat' dir='ltr'><strong>igitur</strong></span> <span class='ocrx_word' id='word_1_121' title='bbox 569 1453 710 1526; x_wconf 62' lang='lat' dir='ltr'><strong>primitiis*</strong></span> <span class='ocrx_word' id='word_1_122' title='bbox 730 1459 760 1508; x_wconf 93' lang='grc' dir='ltr'><strong>ιιι</strong></span> <span class='ocrx_word' id='word_1_123' title='bbox 784 1455 946 1522; x_wconf 84' lang='grc' dir='ltr'>ιιιιιιιοιιιιιι,</span> <span class='ocrx_word' id='word_1_124' title='bbox 975 1454 1022 1524; x_wconf 91' lang='lat' dir='ltr'><strong>qui</strong></span> <span class='ocrx_word' id='word_1_125' title='bbox 1047 1455 1154 1525; x_wconf 85' lang='lat' dir='ltr'><strong>petitos</strong></span> <span class='ocrx_word' id='word_1_126' title='bbox 1241 1506 1245 1514; x_wconf 93' lang='lat'>.</span> 
     </span>
    </p>
   </div>
   <div class='ocr_carea' id='block_1_6' title="bbox 159 1537 1208 2113">
    <p class='ocr_par' dir='ltr' id='par_1_7' title="bbox 159 1537 1208 2113">
     <span class='ocr_line' id='line_1_16' title="bbox 159 1537 1154 1610; baseline -0.008 -14"><span class='ocrx_word' id='word_1_127' title='bbox 159 1557 224 1610; x_wconf 86' lang='lat' dir='ltr'><strong>sese</strong></span> <span class='ocrx_word' id='word_1_128' title='bbox 241 1539 414 1606; x_wconf 71' lang='lat' dir='ltr'><strong>sentiebant,</strong></span> <span class='ocrx_word' id='word_1_129' title='bbox 431 1537 563 1594; x_wconf 92' lang='lat' dir='ltr'><strong>invidiam</strong></span> <span class='ocrx_word' id='word_1_130' title='bbox 580 1538 733 1608; x_wconf 88' lang='lat' dir='ltr'><strong>etodium,</strong></span> <span class='ocrx_word' id='word_1_131' title='bbox 749 1538 788 1593; x_wconf 89' lang='lat' dir='ltr'><strong>ita</strong></span> <span class='ocrx_word' id='word_1_132' title='bbox 803 1537 920 1593; x_wconf 87' lang='lat' dir='ltr'><strong>aliorum</strong></span> <span class='ocrx_word' id='word_1_133' title='bbox 934 1553 1086 1608; x_wconf 82' lang='lat' dir='ltr'><strong>eorumque</strong></span> <span class='ocrx_word' id='word_1_134' title='bbox 1101 1555 1154 1610; x_wconf 76' lang='lat' dir='ltr'><strong>op.</strong></span> 
     </span>
     <span class='ocr_line' id='line_1_17' title="bbox 159 1613 1169 1693; baseline -0.002 -14"><span class='ocrx_word' id='word_1_135' title='bbox 159 1613 305 1692; x_wconf 85' lang='lat' dir='ltr'><strong>timorum,</strong></span> <span class='ocrx_word' id='word_1_136' title='bbox 323 1622 420 1693; x_wconf 87' lang='lat' dir='ltr'><strong>quibus</strong></span> <span class='ocrx_word' id='word_1_137' title='bbox 438 1639 473 1677; x_wconf 87' lang='lat' dir='ltr'><strong>ex</strong></span> <span class='ocrx_word' id='word_1_138' title='bbox 488 1622 579 1677; x_wconf 88' lang='lat' dir='ltr'><strong>animo</strong></span> <span class='ocrx_word' id='word_1_139' title='bbox 597 1623 767 1692; x_wconf 80' lang='lat' dir='ltr'><strong>scripserat,</strong></span> <span class='ocrx_word' id='word_1_140' title='bbox 783 1621 1017 1676; x_wconf 77' lang='lat' dir='ltr'><strong>existimationem</strong></span> <span class='ocrx_word' id='word_1_141' title='bbox 1031 1627 1061 1676; x_wconf 86' lang='lat' dir='ltr'><strong>et</strong></span> <span class='ocrx_word' id='word_1_142' title='bbox 1076 1638 1169 1678; x_wconf 89' lang='lat' dir='ltr'><strong>amo-·</strong></span> 
     </span>
     <span class='ocr_line' id='line_1_18' title="bbox 159 1705 1154 1776; baseline -0.002 -13"><span class='ocrx_word' id='word_1_143' title='bbox 159 1725 217 1763; x_wconf 88' lang='lat' dir='ltr'><strong>rem</strong></span> <span class='ocrx_word' id='word_1_144' title='bbox 234 1708 288 1764; x_wconf 91' lang='lat' dir='ltr'><strong>sibi</strong></span> <span class='ocrx_word' id='word_1_145' title='bbox 305 1706 475 1762; x_wconf 87' lang='lat' dir='ltr'><strong>conciliavit.</strong></span> <span class='ocrx_word' id='word_1_146' title='bbox 520 1705 622 1762; x_wconf 83' lang='lat' dir='ltr'><strong>Eorum</strong></span> <span class='ocrx_word' id='word_1_147' title='bbox 638 1705 720 1776; x_wconf 90' lang='lat' dir='ltr'><strong>primi</strong></span> <span class='ocrx_word' id='word_1_148' title='bbox 736 1705 848 1760; x_wconf 80' lang='lat' dir='ltr'><strong>fuerunt</strong></span> <span class='ocrx_word' id='word_1_149' title='bbox 861 1706 888 1760; x_wconf 90' lang='lat' dir='ltr'><strong>L.</strong></span> <span class='ocrx_word' id='word_1_150' title='bbox 901 1705 1002 1760; x_wconf 84' lang='lat' dir='ltr'><strong>Varius</strong></span> <span class='ocrx_word' id='word_1_151' title='bbox 1018 1705 1154 1776; x_wconf 75' lang='lat' dir='ltr'><strong>etVirgi-</strong></span> 
     </span>
     <span class='ocr_line' id='line_1_19' title="bbox 159 1789 1156 1864; baseline 0.001 -18"><span class='ocrx_word' id='word_1_152' title='bbox 159 1791 229 1861; x_wconf 88' lang='lat' dir='ltr'><strong>iias,</strong></span> <span class='ocrx_word' id='word_1_153' title='bbox 255 1797 357 1864; x_wconf 88' lang='lat' dir='ltr'><strong>poetae</strong></span> <span class='ocrx_word' id='word_1_154' title='bbox 378 1795 433 1844; x_wconf 92' lang='lat' dir='ltr'><strong>turn</strong></span> <span class='ocrx_word' id='word_1_155' title='bbox 453 1790 481 1844; x_wconf 95' lang='lat' dir='ltr'><strong>in</strong></span> <span class='ocrx_word' id='word_1_156' title='bbox 502 1791 571 1846; x_wconf 91' lang='lat' dir='ltr'><strong>urbe</strong></span> <span class='ocrx_word' id='word_1_157' title='bbox 593 1790 754 1861; x_wconf 87' lang='lat' dir='ltr'><strong>principes,</strong></span> <span class='ocrx_word' id='word_1_158' title='bbox 777 1789 1010 1859; x_wconf 79' lang='lat' dir='ltr'><strong>Caesarianisque</strong></span> <span class='ocrx_word' id='word_1_159' title='bbox 1026 1789 1156 1860; x_wconf 84' lang='lat' dir='ltr'><strong>partibus</strong></span> 
     </span>
     <span class='ocr_line' id='line_1_20' title="bbox 159 1871 1154 1946; baseline -0.001 -16"><span class='ocrx_word' id='word_1_160' title='bbox 159 1875 277 1946; x_wconf 83' lang='lat' dir='ltr'><strong>accepti.</strong></span> <span class='ocrx_word' id='word_1_161' title='bbox 323 1874 376 1940; x_wconf 81' lang='lat' dir='ltr'><strong>Qui</strong></span> <span class='ocrx_word' id='word_1_162' title='bbox 398 1891 458 1928; x_wconf 89' lang='lat' dir='ltr'><strong>curn</strong></span> <span class='ocrx_word' id='word_1_163' title='bbox 479 1874 608 1940; x_wconf 82' lang='lat' dir='ltr'><strong>eximiam</strong></span> <span class='ocrx_word' id='word_1_164' title='bbox 631 1873 740 1928; x_wconf 80' lang='lat' dir='ltr'><strong>Horatii</strong></span> <span class='ocrx_word' id='word_1_165' title='bbox 764 1871 907 1942; x_wconf 79' lang='lat' dir='ltr'><strong>ingenium</strong></span> <span class='ocrx_word' id='word_1_166' title='bbox 921 1872 1154 1946; x_wconf 81' lang='lat' dir='ltr'><strong>perspexissent,</strong></span> 
     </span>
     <span class='ocr_line' id='line_1_21' title="bbox 160 1950 1208 2028; baseline 0 -14"><span class='ocrx_word' id='word_1_167' title='bbox 160 1959 189 2014; x_wconf 82' lang='lat' dir='ltr'><strong>C.</strong></span> <span class='ocrx_word' id='word_1_168' title='bbox 214 1959 306 2020; x_wconf 81' lang='lat' dir='ltr'><strong>Cilnio</strong></span> <span class='ocrx_word' id='word_1_169' title='bbox 328 1957 498 2026; x_wconf 85' lang='lat' dir='ltr'><strong>Maecenati,</strong></span> <span class='ocrx_word' id='word_1_170' title='bbox 528 1958 591 2012; x_wconf 90' lang='lat' dir='ltr'><strong>viro</strong></span> <span class='ocrx_word' id='word_1_171' title='bbox 614 1973 676 2012; x_wconf 91' lang='lat' dir='ltr'><strong>cum</strong></span> <span class='ocrx_word' id='word_1_172' title='bbox 704 1955 777 2028; x_wconf 91' lang='lat' dir='ltr'><strong>apud</strong></span> <span class='ocrx_word' id='word_1_173' title='bbox 798 1954 947 2011; x_wconf 86' lang='lat' dir='ltr'><strong>Caesarem</strong></span> <span class='ocrx_word' id='word_1_174' title='bbox 972 1950 1155 2014; x_wconf 82' lang='lat' dir='ltr'><strong>Octavianum</strong></span> <span class='ocrx_word' id='word_1_175' title='bbox 1204 1976 1208 1987; x_wconf 52' lang='grc' dir='ltr'>ι</span> 
     </span>
     <span class='ocr_line' id='line_1_22' title="bbox 159 2033 1154 2113; baseline 0.002 -17"><span class='ocrx_word' id='word_1_176' title='bbox 159 2045 304 2113; x_wconf 81' lang='lat' dir='ltr'><strong>gratioso,</strong></span> <span class='ocrx_word' id='word_1_177' title='bbox 337 2047 392 2095; x_wconf 89' lang='lat' dir='ltr'><strong>turn</strong></span> <span class='ocrx_word' id='word_1_178' title='bbox 413 2045 557 2110; x_wconf 76' lang='lat' dir='ltr'><strong>poetarum</strong></span> <span class='ocrx_word' id='word_1_179' title='bbox 580 2041 780 2109; x_wconf 86' lang='lat' dir='ltr'><strong>doctorumque</strong></span> <span class='ocrx_word' id='word_1_180' title='bbox 806 2039 944 2094; x_wconf 90' lang='lat' dir='ltr'><strong>bominum</strong></span> <span class='ocrx_word' id='word_1_181' title='bbox 971 2033 1090 2111; x_wconf 81' lang='lat' dir='ltr'><strong>patrono</strong></span> <span class='ocrx_word' id='word_1_182' title='bbox 1119 2059 1154 2098; x_wconf 91' lang='lat' dir='ltr'><strong>ac</strong></span> 
     </span>
    </p>
   </div>
   <div class='ocr_carea' id='block_1_7' title="bbox 58 2122 1155 2202">
    <p class='ocr_par' dir='ltr' id='par_1_8' title="bbox 58 2122 1155 2202">
     <span class='ocr_line' id='line_1_23' title="bbox 58 2122 1155 2202; baseline 0.002 -22"><span class='ocrx_word' id='word_1_183' title='bbox 58 2143 67 2170; x_wconf 78' lang='grc' dir='ltr'>ι</span> <span class='ocrx_word' id='word_1_184' title='bbox 158 2125 261 2180; x_wconf 83' lang='lat' dir='ltr'><strong>fautori</strong></span> <span class='ocrx_word' id='word_1_185' title='bbox 280 2124 434 2191; x_wconf 90' lang='lat' dir='ltr'><strong>ditissimo,</strong></span> <span class='ocrx_word' id='word_1_186' title='bbox 454 2139 515 2178; x_wconf 89' lang='lat' dir='ltr'><strong>euro</strong></span> <span class='ocrx_word' id='word_1_187' title='bbox 532 2124 774 2202; x_wconf 78' lang='lat' dir='ltr'><strong>commendarunt,</strong></span> <span class='ocrx_word' id='word_1_188' title='bbox 798 2122 871 2193; x_wconf 86' lang='lat' dir='ltr'><strong>quod</strong></span> <span class='ocrx_word' id='word_1_189' title='bbox 886 2123 949 2195; x_wconf 90' lang='lat' dir='ltr'><strong>ipse</strong></span> <span class='ocrx_word' id='word_1_190' title='bbox 963 2129 1045 2192; x_wconf 84' lang='lat' dir='ltr'><strong>grato</strong></span> <span class='ocrx_word' id='word_1_191' title='bbox 1061 2124 1155 2182; x_wconf 87' lang='lat' dir='ltr'><strong>animo</strong></span> 
     </span>
    </p>
   </div>
   <div class='ocr_carea' id='block_1_8' title="bbox 136 2203 1204 3460">
    <p class='ocr_par' dir='ltr' id='par_1_9' title="bbox 136 2203 1204 3460">
     <span class='ocr_line' id='line_1_24' title="bbox 159 2203 1155 2280; baseline 0.002 -16"><span class='ocrx_word' id='word_1_192' title='bbox 159 2214 254 2268; x_wconf 83' lang='lat' dir='ltr'><strong>narrat</strong></span> <span class='ocrx_word' id='word_1_193' title='bbox 266 2213 348 2280; x_wconf 77' lang='lat' dir='ltr'><strong>potita</strong></span> <span class='ocrx_word' id='word_1_194' title='bbox 368 2207 425 2262; x_wconf 85' lang='lat' dir='ltr'><strong>Sat.</strong></span> <span class='ocrx_word' id='word_1_195' title='bbox 442 2207 464 2276; x_wconf 86' lang='lat'><strong>1,</strong></span> <span class='ocrx_word' id='word_1_196' title='bbox 478 2211 505 2276; x_wconf 98' lang='grc'><strong>6,</strong></span> <span class='ocrx_word' id='word_1_197' title='bbox 522 2213 557 2266; x_wconf 72' lang='lat'><strong>52</strong></span> <span class='ocrx_word' id='word_1_198' title='bbox 571 2223 651 2278; x_wconf 81' lang='lat' dir='ltr'><strong>seqq.</strong></span> <span class='ocrx_word' id='word_1_199' title='bbox 695 2206 747 2262; x_wconf 86' lang='lat' dir='ltr'><strong>ilie</strong></span> <span class='ocrx_word' id='word_1_200' title='bbox 762 2221 831 2261; x_wconf 90' lang='lat' dir='ltr'><strong>vero</strong></span> <span class='ocrx_word' id='word_1_201' title='bbox 855 2203 1038 2278; x_wconf 75' lang='lat' dir='ltr'><strong>‘praesertim</strong></span> <span class='ocrx_word' id='word_1_202' title='bbox 1055 2215 1155 2266; x_wconf 86' lang='lat' dir='ltr'><strong>cautus</strong></span> 
     </span>
     <span class='ocr_line' id='line_1_25' title="bbox 160 2285 1155 2365; baseline 0.001 -17"><span class='ocrx_word' id='word_1_203' title='bbox 160 2293 261 2362; x_wconf 81' lang='lat' dir='ltr'><strong>dignos</strong></span> <span class='ocrx_word' id='word_1_204' title='bbox 277 2291 437 2351; x_wconf 86' lang='lat' dir='ltr'><strong>assumere&#39;</strong></span> <span class='ocrx_word' id='word_1_205' title='bbox 461 2287 545 2365; x_wconf 88' lang='lat' dir='ltr'><strong>(ibid.</strong></span> <span class='ocrx_word' id='word_1_206' title='bbox 567 2308 608 2346; x_wconf 85' lang='lat' dir='ltr'><strong>vs.</strong></span> <span class='ocrx_word' id='word_1_207' title='bbox 629 2297 673 2348; x_wconf 83' lang='lat'><strong>51.</strong></span> <span class='ocrx_word' id='word_1_208' title='bbox 693 2291 729 2346; x_wconf 82' lang='lat' dir='ltr'><strong>ci.</strong></span> <span class='ocrx_word' id='word_1_209' title='bbox 746 2290 805 2346; x_wconf 85' lang='lat' dir='ltr'><strong>Sat.</strong></span> <span class='ocrx_word' id='word_1_210' title='bbox 820 2289 849 2359; x_wconf 86' lang='lat'><strong>1,</strong></span> <span class='ocrx_word' id='word_1_211' title='bbox 867 2295 900 2360; x_wconf 85' lang='lat'><strong>9,</strong></span> <span class='ocrx_word' id='word_1_212' title='bbox 915 2285 982 2362; x_wconf 89' lang='grc'>44),</span> <span class='ocrx_word' id='word_1_213' title='bbox 1006 2289 1155 2364; x_wconf 78' lang='lat' dir='ltr'><strong>‘turpique</strong></span> 
     </span>
     <span class='ocr_line' id='line_1_26' title="bbox 159 2369 1155 2448; baseline 0.001 -17"><span class='ocrx_word' id='word_1_214' title='bbox 159 2391 310 2432; x_wconf 88' lang='lat' dir='ltr'><strong>secernens</strong></span> <span class='ocrx_word' id='word_1_215' title='bbox 337 2375 498 2436; x_wconf 86' lang='lat' dir='ltr'><strong>honestum’</strong></span> <span class='ocrx_word' id='word_1_216' title='bbox 524 2371 609 2448; x_wconf 85' lang='lat' dir='ltr'><strong>(ibid.</strong></span> <span class='ocrx_word' id='word_1_217' title='bbox 633 2391 674 2430; x_wconf 88' lang='lat' dir='ltr'><strong>vs.</strong></span> <span class='ocrx_word' id='word_1_218' title='bbox 698 2369 764 2448; x_wconf 83' lang='grc'>66),</span> <span class='ocrx_word' id='word_1_219' title='bbox 786 2389 859 2430; x_wconf 89' lang='lat' dir='ltr'><strong>nono</strong></span> <span class='ocrx_word' id='word_1_220' title='bbox 881 2374 989 2432; x_wconf 91' lang='lat' dir='ltr'><strong>demum</strong></span> <span class='ocrx_word' id='word_1_221' title='bbox 1008 2382 1075 2447; x_wconf 87' lang='lat' dir='ltr'><strong>post</strong></span> <span class='ocrx_word' id='word_1_222' title='bbox 1093 2377 1155 2448; x_wconf 87' lang='lat' dir='ltr'><strong>pri·</strong></span> 
     </span>
     <span class='ocr_line' id='line_1_27' title="bbox 137 2453 1154 2533; baseline 0.003 -19"><span class='ocrx_word' id='word_1_223' title='bbox 137 2463 229 2516; x_wconf 80' lang='lat' dir='ltr'><strong>&#39;noum</strong></span> <span class='ocrx_word' id='word_1_224' title='bbox 245 2475 427 2530; x_wconf 78' lang='lat' dir='ltr'><strong>congressum</strong></span> <span class='ocrx_word' id='word_1_225' title='bbox 448 2475 543 2515; x_wconf 90' lang='lat' dir='ltr'><strong>mense</strong></span> <span class='ocrx_word' id='word_1_226' title='bbox 563 2455 707 2533; x_wconf 80' lang='lat' dir='ltr'><strong>(ibidus.</strong></span> <span class='ocrx_word' id='word_1_227' title='bbox 729 2453 779 2531; x_wconf 91' lang='grc'><strong>61)</strong></span> <span class='ocrx_word' id='word_1_228' title='bbox 802 2473 863 2513; x_wconf 90' lang='lat' dir='ltr'><strong>euro</strong></span> <span class='ocrx_word' id='word_1_229' title='bbox 884 2465 1001 2515; x_wconf 87' lang='lat' dir='ltr'><strong>revocat</strong></span> <span class='ocrx_word' id='word_1_230' title='bbox 1020 2460 1154 2532; x_wconf 85' lang='lat' dir='ltr'><strong>iubetque</strong></span> 
     </span>
     <span class='ocr_line' id='line_1_28' title="bbox 136 2542 1156 2613; baseline 0.002 -15"><span class='ocrx_word' id='word_1_231' title='bbox 136 2559 224 2604; x_wconf 66' lang='lat' dir='ltr'><strong>,esse</strong></span> <span class='ocrx_word' id='word_1_232' title='bbox 250 2542 278 2598; x_wconf 83' lang='lat' dir='ltr'><strong>in</strong></span> <span class='ocrx_word' id='word_1_233' title='bbox 299 2542 449 2599; x_wconf 88' lang='lat' dir='ltr'><strong>amicorum</strong></span> <span class='ocrx_word' id='word_1_234' title='bbox 470 2559 593 2598; x_wconf 87' lang='lat' dir='ltr'><strong>numero.</strong></span> <span class='ocrx_word' id='word_1_235' title='bbox 640 2542 799 2613; x_wconf 84' lang='lat' dir='ltr'><strong>Quodque</strong></span> <span class='ocrx_word' id='word_1_236' title='bbox 822 2559 894 2598; x_wconf 92' lang='lat' dir='ltr'><strong>anno</strong></span> <span class='ocrx_word' id='word_1_237' title='bbox 909 2543 1011 2598; x_wconf 83' lang='lat' dir='ltr'><strong>iactum</strong></span> <span class='ocrx_word' id='word_1_238' title='bbox 1036 2543 1090 2612; x_wconf 84' lang='lat' dir='ltr'><strong>sit,</strong></span> <span class='ocrx_word' id='word_1_239' title='bbox 1117 2561 1156 2600; x_wconf 84' lang='lat' dir='ltr'><strong>ex</strong></span> 
     </span>
     <span class='ocr_line' id='line_1_29' title="bbox 160 2625 1155 2698; baseline 0.003 -18"><span class='ocrx_word' id='word_1_240' title='bbox 160 2626 249 2698; x_wconf 90' lang='lat' dir='ltr'><strong>ipsius</strong></span> <span class='ocrx_word' id='word_1_241' title='bbox 270 2632 371 2698; x_wconf 88' lang='lat' dir='ltr'><strong>poetae</strong></span> <span class='ocrx_word' id='word_1_242' title='bbox 392 2627 498 2684; x_wconf 90' lang='lat' dir='ltr'><strong>indicio</strong></span> <span class='ocrx_word' id='word_1_243' title='bbox 518 2633 612 2698; x_wconf 87' lang='lat' dir='ltr'><strong>potest</strong></span> <span class='ocrx_word' id='word_1_244' title='bbox 634 2627 742 2697; x_wconf 82' lang='lat' dir='ltr'><strong>colligi.</strong></span> <span class='ocrx_word' id='word_1_245' title='bbox 787 2625 855 2682; x_wconf 84' lang='lat' dir='ltr'><strong>Nam</strong></span> <span class='ocrx_word' id='word_1_246' title='bbox 876 2643 939 2683; x_wconf 90' lang='lat' dir='ltr'><strong>eum</strong></span> <span class='ocrx_word' id='word_1_247' title='bbox 963 2626 992 2680; x_wconf 91' lang='lat' dir='ltr'><strong>in</strong></span> <span class='ocrx_word' id='word_1_248' title='bbox 1013 2625 1080 2681; x_wconf 90' lang='lat' dir='ltr'><strong>iibri</strong></span> <span class='ocrx_word' id='word_1_249' title='bbox 1107 2644 1155 2683; x_wconf 89' lang='lat' dir='ltr'><strong>se-</strong></span> 
     </span>
     <span class='ocr_line' id='line_1_30' title="bbox 160 2708 1156 2782; baseline 0.004 -18"><span class='ocrx_word' id='word_1_250' title='bbox 160 2711 242 2766; x_wconf 89' lang='lat' dir='ltr'><strong>cundi</strong></span> <span class='ocrx_word' id='word_1_251' title='bbox 264 2711 350 2766; x_wconf 83' lang='lat' dir='ltr'><strong>satiro</strong></span> <span class='ocrx_word' id='word_1_252' title='bbox 370 2717 467 2781; x_wconf 79' lang='lat' dir='ltr'><strong>sexta,</strong></span> <span class='ocrx_word' id='word_1_253' title='bbox 495 2727 565 2782; x_wconf 87' lang='lat' dir='ltr'><strong>quac</strong></span> <span class='ocrx_word' id='word_1_254' title='bbox 588 2717 655 2781; x_wconf 89' lang='lat' dir='ltr'><strong>post-</strong></span> <span class='ocrx_word' id='word_1_255' title='bbox 673 2728 794 2782; x_wconf 75' lang='lat' dir='ltr'><strong>pugnam</strong></span> <span class='ocrx_word' id='word_1_256' title='bbox 808 2711 952 2768; x_wconf 79' lang='lat' dir='ltr'><strong>Actiacam</strong></span> <span class='ocrx_word' id='word_1_257' title='bbox 974 2709 1050 2777; x_wconf 75' lang='lat' dir='ltr'><strong>circa</strong></span> <span class='ocrx_word' id='word_1_258' title='bbox 1072 2708 1156 2768; x_wconf 82' lang='lat' dir='ltr'><strong>finem</strong></span> 
     </span>
     <span class='ocr_line' id='line_1_31' title="bbox 160 2792 1154 2867; baseline 0.002 -19"><span class='ocrx_word' id='word_1_259' title='bbox 160 2794 225 2848; x_wconf 91' lang='lat' dir='ltr'><strong>anni</strong></span> <span class='ocrx_word' id='word_1_260' title='bbox 240 2797 292 2852; x_wconf 69' lang='lat'><strong>723</strong></span> <span class='ocrx_word' id='word_1_261' title='bbox 307 2811 332 2848; x_wconf 91' lang='lat' dir='ltr'><strong>u.</strong></span> <span class='ocrx_word' id='word_1_262' title='bbox 351 2811 375 2850; x_wconf 88' lang='lat' dir='ltr'><strong>c.</strong></span> <span class='ocrx_word' id='word_1_263' title='bbox 394 2795 548 2867; x_wconf 86' lang='lat' dir='ltr'><strong>composite</strong></span> <span class='ocrx_word' id='word_1_264' title='bbox 568 2800 627 2864; x_wconf 86' lang='lat' dir='ltr'><strong>est,</strong></span> <span class='ocrx_word' id='word_1_265' title='bbox 650 2795 715 2850; x_wconf 90' lang='lat' dir='ltr'><strong>inde</strong></span> <span class='ocrx_word' id='word_1_266' title='bbox 732 2811 848 2850; x_wconf 86' lang='lat' dir='ltr'><strong>eversu</strong></span> <span class='ocrx_word' id='word_1_267' title='bbox 866 2799 902 2852; x_wconf 85' lang='grc'><strong>46</strong></span> <span class='ocrx_word' id='word_1_268' title='bbox 915 2792 1154 2866; x_wconf 70' lang='lat' dir='ltr'><strong>legamus-‘Sep-</strong></span> 
     </span>
     <span class='ocr_line' id='line_1_32' title="bbox 151 2877 1154 2950; baseline 0.003 -19"><span class='ocrx_word' id='word_1_269' title='bbox 151 2877 241 2932; x_wconf 74' lang='grc' dir='ltr'><strong>Ιιιιιιιιι</strong></span> <span class='ocrx_word' id='word_1_270' title='bbox 264 2883 364 2934; x_wconf 87' lang='lat' dir='ltr'><strong>octavo</strong></span> <span class='ocrx_word' id='word_1_271' title='bbox 386 2879 503 2950; x_wconf 92' lang='lat' dir='ltr'><strong>propior</strong></span> <span class='ocrx_word' id='word_1_272' title='bbox 528 2878 582 2934; x_wconf 88' lang='lat' dir='ltr'><strong>iam</strong></span> <span class='ocrx_word' id='word_1_273' title='bbox 604 2878 708 2948; x_wconf 81' lang='lat' dir='ltr'><strong>ingerit</strong></span> <span class='ocrx_word' id='word_1_274' title='bbox 732 2894 835 2948; x_wconf 84' lang='lat' dir='ltr'><strong>annus,</strong></span> <span class='ocrx_word' id='word_1_275' title='bbox 860 2877 910 2934; x_wconf 71' lang='lat' dir='ltr'><strong>Ex</strong></span> <span class='ocrx_word' id='word_1_276' title='bbox 930 2893 986 2948; x_wconf 81' lang='lat' dir='ltr'><strong>quo</strong></span> <span class='ocrx_word' id='word_1_277' title='bbox 1005 2877 1154 2934; x_wconf 78' lang='lat' dir='ltr'><strong>Maecenas</strong></span> 
     </span>
     <span class='ocr_line' id='line_1_33' title="bbox 160 2961 1154 3033; baseline 0.004 -19"><span class='ocrx_word' id='word_1_278' title='bbox 160 2975 203 3014; x_wconf 89' lang='lat' dir='ltr'><strong>me</strong></span> <span class='ocrx_word' id='word_1_279' title='bbox 219 2961 314 3032; x_wconf 89' lang='lat' dir='ltr'><strong>coepit</strong></span> <span class='ocrx_word' id='word_1_280' title='bbox 334 2961 437 3018; x_wconf 87' lang='lat' dir='ltr'><strong>babere</strong></span> <span class='ocrx_word' id='word_1_281' title='bbox 458 2961 616 3016; x_wconf 88' lang='lat' dir='ltr'><strong>suorum-ln</strong></span> <span class='ocrx_word' id='word_1_282' title='bbox 638 2962 787 3031; x_wconf 67' lang='lat' dir='ltr'><strong>numerc&#39;,</strong></span> <span class='ocrx_word' id='word_1_283' title='bbox 808 2963 877 3018; x_wconf 90' lang='lat' dir='ltr'><strong>satis</strong></span> <span class='ocrx_word' id='word_1_284' title='bbox 892 2967 1023 3033; x_wconf 87' lang='lat' dir='ltr'><strong>apparet,</strong></span> <span class='ocrx_word' id='word_1_285' title='bbox 1045 2961 1154 3031; x_wconf 83' lang='lat' dir='ltr'><strong>prinei-</strong></span> 
     </span>
     <span class='ocr_line' id='line_1_34' title="bbox 159 3043 1156 3116; baseline 0.008 -19"><span class='ocrx_word' id='word_1_286' title='bbox 159 3043 234 3114; x_wconf 91' lang='lat' dir='ltr'><strong>pium</strong></span> <span class='ocrx_word' id='word_1_287' title='bbox 249 3045 460 3102; x_wconf 85' lang='lat' dir='ltr'><strong>consuetudinis</strong></span> <span class='ocrx_word' id='word_1_288' title='bbox 478 3045 551 3100; x_wconf 90' lang='lat' dir='ltr'><strong>inter</strong></span> <span class='ocrx_word' id='word_1_289' title='bbox 567 3051 714 3116; x_wconf 88' lang='lat' dir='ltr'><strong>utrumque</strong></span> <span class='ocrx_word' id='word_1_290' title='bbox 728 3045 864 3102; x_wconf 88' lang='lat' dir='ltr'><strong>incidisse</strong></span> <span class='ocrx_word' id='word_1_291' title='bbox 879 3045 908 3101; x_wconf 92' lang='lat' dir='ltr'><strong>in</strong></span> <span class='ocrx_word' id='word_1_292' title='bbox 924 3045 1084 3101; x_wconf 76' lang='lat' dir='ltr'><strong>boemanni</strong></span> <span class='ocrx_word' id='word_1_293' title='bbox 1100 3049 1156 3105; x_wconf 91' lang='grc'><strong>716</strong></span> 
     </span>
     <span class='ocr_line' id='line_1_35' title="bbox 160 3125 1204 3200; baseline 0.004 -18"><span class='ocrx_word' id='word_1_294' title='bbox 160 3133 207 3182; x_wconf 89' lang='lat' dir='ltr'><strong>aut</strong></span> <span class='ocrx_word' id='word_1_295' title='bbox 226 3127 292 3188; x_wconf 67' lang='lat' dir='ltr'><strong>‚anni</strong></span> <span class='ocrx_word' id='word_1_296' title='bbox 316 3130 366 3186; x_wconf 87' lang='grc'><strong>717</strong></span> <span class='ocrx_word' id='word_1_297' title='bbox 385 3129 501 3184; x_wconf 89' lang='lat' dir='ltr'><strong>initium.</strong></span> <span class='ocrx_word' id='word_1_298' title='bbox 548 3129 625 3196; x_wconf 83' lang='lat' dir='ltr'><strong>Quae</strong></span> <span class='ocrx_word' id='word_1_299' title='bbox 641 3125 752 3200; x_wconf 81' lang='lat' dir='ltr'><strong>quidem</strong></span> <span class='ocrx_word' id='word_1_300' title='bbox 774 3129 954 3187; x_wconf 87' lang='lat' dir='ltr'><strong>necessitudo</strong></span> <span class='ocrx_word' id='word_1_301' title='bbox 978 3128 1057 3184; x_wconf 86' lang='lat' dir='ltr'><strong>brevi</strong></span> <span class='ocrx_word' id='word_1_302' title='bbox 1079 3129 1154 3186; x_wconf 87' lang='lat' dir='ltr'><strong>adeo</strong></span> <span class='ocrx_word' id='word_1_303' title='bbox 1184 3130 1204 3150; x_wconf 68' lang='lat'><strong>⁵</strong></span> 
     </span>
     <span class='ocr_line' id='line_1_36' title="bbox 161 3211 1155 3286; baseline 0.002 -22"><span class='ocrx_word' id='word_1_304' title='bbox 161 3211 320 3268; x_wconf 85' lang='lat' dir='ltr'><strong>confirmata</strong></span> <span class='ocrx_word' id='word_1_305' title='bbox 335 3218 393 3282; x_wconf 87' lang='lat' dir='ltr'><strong>est,</strong></span> <span class='ocrx_word' id='word_1_306' title='bbox 410 3219 439 3268; x_wconf 90' lang='lat' dir='ltr'><strong>ut</strong></span> <span class='ocrx_word' id='word_1_307' title='bbox 454 3214 508 3270; x_wconf 89' lang='lat' dir='ltr'><strong>iem</strong></span> <span class='ocrx_word' id='word_1_308' title='bbox 521 3231 608 3270; x_wconf 88' lang='lat' dir='ltr'><strong>verno</strong></span> <span class='ocrx_word' id='word_1_309' title='bbox 622 3219 748 3286; x_wconf 87' lang='lat' dir='ltr'><strong>tempore</strong></span> <span class='ocrx_word' id='word_1_310' title='bbox 761 3213 824 3270; x_wconf 88' lang='lat' dir='ltr'><strong>anni</strong></span> <span class='ocrx_word' id='word_1_311' title='bbox 839 3216 907 3281; x_wconf 92' lang='grc'><strong>717,</strong></span> <span class='ocrx_word' id='word_1_312' title='bbox 922 3212 998 3281; x_wconf 84' lang='lat' dir='ltr'><strong>quod</strong></span> <span class='ocrx_word' id='word_1_313' title='bbox 1010 3227 1066 3268; x_wconf 91' lang='lat' dir='ltr'><strong>non</strong></span> <span class='ocrx_word' id='word_1_314' title='bbox 1083 3228 1155 3269; x_wconf 80' lang='lat' dir='ltr'><strong>ecn-</strong></span> 
     </span>
     <span class='ocr_line' id='line_1_37' title="bbox 160 3293 1153 3365; baseline 0.005 -18"><span class='ocrx_word' id='word_1_315' title='bbox 160 3293 293 3365; x_wconf 90' lang='lat' dir='ltr'><strong>iecturis,</strong></span> <span class='ocrx_word' id='word_1_316' title='bbox 316 3295 367 3354; x_wconf 89' lang='lat' dir='ltr'><strong>sed</strong></span> <span class='ocrx_word' id='word_1_317' title='bbox 389 3298 474 3354; x_wconf 89' lang='lat' dir='ltr'><strong>certis</strong></span> <span class='ocrx_word' id='word_1_318' title='bbox 492 3299 627 3354; x_wconf 90' lang='lat' dir='ltr'><strong>historiae</strong></span> <span class='ocrx_word' id='word_1_319' title='bbox 645 3297 812 3354; x_wconf 87' lang='lat' dir='ltr'><strong>testimoniis</strong></span> <span class='ocrx_word' id='word_1_320' title='bbox 828 3296 966 3365; x_wconf 67' lang='lat' dir='ltr'><strong>itincbner</strong></span> <span class='ocrx_word' id='word_1_321' title='bbox 980 3295 1007 3349; x_wconf 97' lang='lat' dir='ltr'><strong>in</strong></span> <span class='ocrx_word' id='word_1_322' title='bbox 1024 3294 1153 3360; x_wconf 82' lang='lat' dir='ltr'><strong>Quaestt.</strong></span> 
     </span>
     <span class='ocr_line' id='line_1_38' title="bbox 159 3375 1158 3460; baseline 0.002 -28"><span class='ocrx_word' id='word_1_323' title='bbox 159 3375 267 3435; x_wconf 84' lang='lat' dir='ltr'><strong>Horatt.</strong></span> <span class='ocrx_word' id='word_1_324' title='bbox 282 3397 309 3452; x_wconf 85' lang='lat' dir='ltr'><strong>p.</strong></span> <span class='ocrx_word' id='word_1_325' title='bbox 326 3385 360 3440; x_wconf 85' lang='grc'><strong>64</strong></span> <span class='ocrx_word' id='word_1_326' title='bbox 378 3398 456 3454; x_wconf 83' lang='lat' dir='ltr'><strong>seqq.</strong></span> <span class='ocrx_word' id='word_1_327' title='bbox 480 3383 562 3440; x_wconf 90' lang='lat' dir='ltr'><strong>doete</strong></span> <span class='ocrx_word' id='word_1_328' title='bbox 580 3380 727 3456; x_wconf 83' lang='lat' dir='ltr'><strong>probarit,</strong></span> <span class='ocrx_word' id='word_1_329' title='bbox 748 3381 864 3437; x_wconf 82' lang='lat' dir='ltr'><strong>Flaccus</strong></span> <span class='ocrx_word' id='word_1_330' title='bbox 886 3383 983 3460; x_wconf 87' lang='lat' dir='ltr'><strong>noster</strong></span> <span class='ocrx_word' id='word_1_331' title='bbox 1004 3379 1158 3452; x_wconf 81' lang='lat' dir='ltr'><strong>conspice-</strong></span> 
     </span>
    </p>
   </div>
   <div class='ocr_carea' id='block_1_9' title="bbox 0 0 1268 3942">
    <p class='ocr_par' dir='ltr' id='par_1_10' title="bbox 0 0 1268 3942">
     <span class='ocr_line' id='line_1_39' title="bbox 0 0 1268 3942; baseline 0 0"><span class='ocrx_word' id='word_1_332' title='bbox 0 0 1268 3942; x_wconf 95' lang='lat' dir='ltr'><strong> </strong></span> 
     </span>
    </p>
   </div>
  </div>
 </body>
</html>
