2525 3942
569 180 769 308 cinauuuu
847 246 852 254 ·
888 294 890 298 ,

230 452 233 461 .
354 444 365 492 ,;
479 470 482 476 ·
582 391 875 490 onnon*

187 2096 226 2155 15

184 2562 323 2640 20,

184 582 186 589 ’
311 627 314 631 ·
417 650 420 656 .
496 598 553 650 so
593 595 836 650 nominos
902 557 904 561 ¹

335 777 445 838 bellota
456 780 591 839 maiorum
603 779 765 839 immeritus=
772 777 846 854 lues,

336 861 472 939 Romane,
486 861 578 922 donee
588 861 693 939 templa
702 860 841 920 refeceris

292 987 295 1002 .
370 945 542 1023 ⁵indosque
555 945 683 1005 labentes
695 943 811 1015 deorum
827 953 856 1003 et

317 1058 319 1063 ·
441 1027 537 1089 Foeda
547 1033 629 1107 nigro
642 1026 788 1089 simulaora
800 1026 890 1121 xinmo.

335 1161 387 1221 Dis
398 1170 427 1220 te
437 1162 572 1221 minorem
583 1160 659 1240 quod
670 1163 758 1240 geris,
777 1163 914 1239 imperas:

1024 163 1097 310 ἱ[Οιί.
1110 233 1149 310 6.]

335 1244 406 1305 Hine
418 1260 500 1303 omne
512 1246 689 1324 principium,
701 1246 757 1305 buo
767 1245 845 1306 refer
856 1245 977 1313 exitum
1060 1307 1064 1327 Ι

384 1326 798 1406 Dimultanegleotidederunt
918 1357 920 1360 ·

438 1409 594 1489 Hesperiae
604 1411 676 1472 mala
687 1412 842 1473 luctuosae.

318 1519 320 1523 ¹
334 1539 392 1602 lam
406 1544 450 1603 bis
461 1543 612 1606 Monaeses
624 1531 656 1607 et
666 1545 765 1606 Paoori
779 1561 875 1604 manus
898 1589 905 1602 .

331 1625 396 1686 Non
410 1631 572 1706 auspicatos
584 1629 709 1690 oontudit
722 1631 842 1707 impetus

275 1731 279 1739 “
386 1710 519 1788 Nostros,
535 1722 564 1772 et
574 1713 715 1774 adiooisse
728 1711 858 1790 praedam

438 1793 597 1875 Torquibus
612 1799 724 1877 exiguis
734 1793 851 1856 renidet.

334 1927 427 1988 Paene
437 1936 603 2007 ooeupatam
614 1927 800 1990 seditionibus

334 2011 448 2072 Delevit
456 2010 561 2073 Urbem
569 2012 665 2072 Dacus
676 2019 705 2071 et
714 2011 864 2086 Aethiops,

377 2095 431 2155 llio
442 2094 534 2155 elasse
545 2095 718 2170 formidatus,
731 2093 779 2153 ille

439 2177 591 2238 Missilibus
603 2178 705 2237 melior
714 2179 835 2254 sagittis.

334 2284 466 2372 Fecunda
479 2309 580 2387 eulpae
591 2311 705 2371 saeonla
717 2312 828 2388 nuptias
869 2355 872 2361 ,

333 2393 453 2454 Primum
463 2395 645 2472 inquinavere
657 2403 685 2454 et
706 2411 796 2472 genus
811 2401 840 2452 et
853 2391 969 2454 domos:

382 2476 445 2536 lloe
455 2476 534 2536 ionte
545 2477 670 2538 derivata
681 2477 777 2538 clades

436 2558 469 2620 ln
480 2561 596 2638 patriam
608 2561 801 2653 populumque
812 2560 900 2620 duxit.

332 2691 426 2753 llotus
439 2693 536 2754 dooeri
546 2696 651 2772 gaudet
665 2694 780 2755 lonioos

332 2775 439 2836 llatnra
449 2780 531 2856 virgo
553 2786 582 2838 et
597 2778 824 2856 fingiturartibns

383 2858 441 2920 lam
450 2879 524 2920 nono
535 2870 564 2919 et
573 2864 700 2931 incestos
711 2876 821 2920 amores

436 2941 481 3001 De
495 2950 594 3002 tenero
604 2942 754 3002 meditatur
765 2945 866 3020 ungui;

327 3055 396 3135 bdox
406 3077 530 3134 iuniores
541 3077 651 3154 quaerit
661 3073 804 3135 adulteros

332 3158 409 3218 lnter
418 3154 508 3217 mariti
519 3160 593 3234 rina,
605 3176 700 3237 neque
713 3157 792 3236 eligit
808 3183 812 3192 ·

383 3238 435 3300 Cui
446 3240 533 3300 donet
543 3243 719 3320 impermissa
730 3243 830 3320 raptim

311 3380 315 3388 .
433 3322 537 3384 Gaudia
548 3324 702 3408 luminibus
717 3324 844 3401 remotis,
