2525 3942
126 171 129 184 ·
178 169 201 225 'n
472 171 522 220 on
543 170 625 245 vrrs
645 169 866 248 oracasuurs

155 339 224 394 ·let.
238 365 282 380 -
302 336 423 390 Fuerunt
435 337 543 401 autem,
563 327 589 386 si
600 329 752 403 primordia
768 335 881 386 saturae
897 329 1107 401 antiquissimae
1120 333 1159 389 lr-

175 421 250 478 natis
265 417 386 486 scenicis
401 420 565 484 consertae,
581 415 616 469 de
631 430 685 484 que
699 413 885 470 conferendus
897 420 940 468 est
951 413 980 468 t.
992 414 1063 470 livii
1078 410 1120 488 (t,
1129 412 1161 490 ι)

177 505 256 561 ιοιιι
272 499 474 568 memorabilis,
488 497 636 554 breuitatis
650 512 749 553 mussa
762 497 986 568 praetermittere
1002 498 1086 568 licet,
1108 499 1161 554 duo
1243 506 1244 531 l

138 617 140 624 ,
176 588 296 656 satirae,
321 599 390 657 quae
411 583 526 655 propria
545 581 588 638 sio
607 579 724 650 dicitur,
745 596 868 650 genera,
891 597 961 652 oeae
981 588 1012 636 ut
1029 588 1159 654 tempore,
1194 604 1197 609 ·

175 672 214 727 ita
236 669 374 726 indoleat
395 667 481 723 torma
503 665 678 721 differebant.
726 662 762 718 Et
781 663 886 736 prioris
910 664 1021 735 quillem
1040 666 1160 736 generis,

176 754 255 810 cuius
271 758 367 809 auctor
384 755 427 806 est
440 749 561 818 Ennius,
578 765 650 819 quae
664 748 749 802 luerit
763 753 875 817 natura,
891 748 1040 804 Diomedes
1052 765 1103 805 nos
1112 749 1160 805 aio-

175 845 222 893 cet
235 837 328 893 hisce:
351 825 441 891 ‘Olim
455 849 581 902 carmen,
602 832 682 902 ‚quod
702 847 740 886 ex
753 831 842 886 variis
862 833 1036 903 poematibus
1052 840 1160 888 consta-

175 922 239 991 bat,
261 920 346 976 satira
361 918 530 985 vocabatur,
553 916 635 986 quale
653 909 828 989 scripserant
840 915 944 970 Ennius
966 922 996 971 et
1010 916 1160 972 Pacuuiue'

120 1029 121 1034 1
175 1001 237 1078 (111.
259 1021 289 1077 p:
302 1009 355 1062 483
369 998 423 1075 P.).
468 1000 516 1054 llis
533 999 651 1068 Satiris,
672 1015 758 1069 quae,
783 1005 813 1053 ut
833 1015 871 1053 ex
890 1015 985 1056 earum
1001 1000 1159 1070 fragmentis

175 1087 273 1158 colligi
294 1092 401 1158 potest,
426 1090 575 1139 metrorum
594 1081 731 1138 verietate
757 1082 1022 1154 distinctae'erant,
1047 1083 1161 1139 Ennium

175 1171 312 1242 apologos
331 1168 438 1241 Aesopi
458 1167 659 1235 immiscuisse,
679 1166 765 1221 docet
783 1165 817 1220 Α.
840 1166 947 1222 Gellius
965 1167 997 1222 lt.
1014 1167 1047 1222 Δ.
1070 1172 1103 1238 2,
1117 1173 1160 1237 29,

175 1248 399 1324 allegoricasque
414 1264 559 1324 personas,
575 1250 662 1306 veluti
676 1250 791 1305 liortem
807 1256 835 1305 et
848 1250 949 1320 Vitam,
966 1251 1039 1308 inter
1052 1268 1083 1308 se
1095 1267 1159 1307 oon-

174 1336 336 1406 tendentes‚
352 1335 466 1391 tinxisse
481 1340 575 1390 narrat
586 1333 772 1400 Quintilianus
787 1332 878 1390 lustit.
895 1333 942 1389 0r.
961 1335 1009 1404 lli,
1022 1341 1051 1405 2,
1066 1341 1111 1404 36,
1126 1352 1161 1390 ex

174 1435 230 1492 quo
252 1421 317 1475 loco
337 1419 440 1475 colluto
458 1434 518 1473 cum
532 1417 613 1476 Ennii
636 1415 798 1488 fragmentis
818 1424 950 1490 apparet,
973 1419 1089 1480 lormam
1103 1419 1160 1475 dia-

173 1504 294 1574 logicam
316 1503 443 1572 antiquae
458 1503 574 1558 Saturae
596 1503 727 1558 scenicae
741 1502 776 1557 ab
792 1518 828 1558 ao
848 1508 985 1558 servatura
1004 1519 1085 1571 esse,
1110 1520 1162 1577 qua

176 1587 258 1643 ctiam
272 1587 393 1644 Lucilius
416 1593 443 1642 et
457 1586 587 1642 Horatius
608 1602 695 1657 saepe
716 1587 761 1642 usi
781 1592 856 1642 sunt
899 1583 980 1641 Ennii
1002 1593 1032 1642 et
1051 1585 1162 1642 Pacuvii

175 1670 296 1745 uestigia
319 1671 388 1740 legit
402 1671 436 1724 ll.
455 1670 599 1736 Terentius
614 1670 720 1740 Varro,
745 1669 891 1727 Ciceronis
913 1671 1039 1742 aequalis
1056 1671 1162 1726 doctis-

174 1755 276 1824 simus,
303 1753 349 1825 qui
372 1769 426 1810 uon
444 1755 549 1825 solurn,
575 1761 606 1809 ut
622 1753 744 1824 Ennius,
771 1754 858 1810 uariis
881 1754 911 1810 in
931 1771 988 1810 uuo
1010 1752 1162 1825 eodemque

174 1837 295 1894 carmine
311 1852 377 1893 usus
392 1843 435 1894 est
449 1839 561 1909 metris,
576 1839 627 1894 sed
643 1855 757 1910 prosam
772 1839 856 1894 etiam
872 1838 1027 1894 orationem
1043 1838 1163 1894 intexuit

174 1921 312 1978 versibus.
356 1922 415 1977 Hoc
435 1923 506 1978 enim
525 1922 614 1978 innuit
629 1920 816 1988 Quintilianus
837 1921 926 1976 lustit.
949 1936 991 1976 er⁴
1013 1920 1055 1990 X,
1078 1929 1109 1990 1,
1128 1929 1163 1982 95

173 1997 266 2061 hisce:
295 2002 436 2061 ‘Alterum
452 2006 520 2062 illud
541 2006 623 2062 etiam
646 2005 724 2078 prius
740 2003 855 2060 satirae
871 2019 960 2074 genus
980 2000 1163 2078 (Ennianum)

105 2111 106 2116 ¹
173 2105 228 2144 non
242 2089 303 2144 sola
320 2089 468 2145 carminum
479 2091 614 2146 varietate
627 2089 741 2149 mixtum
750 2087 876 2143 condidit
885 2087 1031 2144 Terentius
1041 2086 1161 2144 Verro'.

174 2171 236 2238 Quo
250 2172 281 2227 in
294 2187 398 2243 genere
409 2173 499 2230 Varro
515 2173 554 2234 ita
568 2172 717 2240 excelluit,
734 2177 764 2225 ut
777 2171 811 2226 ιι)
824 2171 948 2227 auctoris
962 2172 1072 2229 nomiae
1090 2171 1162 2227 Ver·
1243 2218 1244 2231 r

139 2293 140 2298 κ
173 2255 378 2312 νοιιίαιιιιιηιιι
394 2253 475 2314 etiarn
489 2257 665 2328 Menippeum
680 2254 837 2325 diceretur,
852 2255 926 2326 quod
939 2255 1040 2327 Varro,
1054 2263 1086 2311 ut
1099 2257 1164 2328 ipse
1243 2248 1244 2251 ’

88 2332 94 2343 '
173 2341 320 2410 profitetur
340 2341 412 2412 opud
434 2341 491 2397 Cic.
513 2340 600 2396 Acad.
623 2339 652 2408 l,
673 2344 709 2407 s,
724 2345 758 2409 3,
778 2337 945 2396 adolescens
968 2341 1069 2404 satiras
1085 2357 1163 2409 suus,

173 2418 346 2496 ‘Menippum
372 2425 508 2492 imitatus,
534 2438 589 2479 non
616 2422 834 2494 interpretatus,
860 2424 988 2494 quadam.
1002 2423 1163 2480 hilaritate’

174 2508 389 2584 conscripserat.
433 2507 577 2578 lienippus
601 2511 708 2575 eutem,
730 2506 760 2562 id
782 2508 856 2578 quod
875 2523 912 2562 ex
932 2507 1164 2580 inscriptionibus

145 2594 150 2600 ’
174 2586 234 2646 eius
248 2591 382 2648 librorum
398 2591 486 2647 adhuc
502 2589 622 2647 servetis
638 2589 750 2660 elucet,
772 2592 918 2664 captiones
932 2592 1165 2664 philosophorum

151 2680 201 2730 tet
216 2675 440 2744 dialecticorum,
456 2674 491 2730 ad
504 2674 588 2730 ritem
603 2674 712 2730 beatem
727 2675 796 2731 nihil
810 2675 964 2745 iacientes,
980 2675 1164 2744 relutarerat,

173 2764 228 2829 quo
249 2764 378 2831 spectare
399 2758 527 2813 videntur
541 2751 678 2815 Varronis
693 2760 780 2814 uerba
800 2759 859 2816 illis
872 2775 958 2831 supra
979 2758 1073 2815 citatis
1095 2759 1165 2816 sub·
1243 2776 1244 2833 f

171 2842 260 2898 lecte:
282 2839 382 2896 ‘mu-lta
398 2841 518 2898 admixta
534 2858 569 2896 ex
586 2842 680 2896 intima
695 2842 892 2913 philosophia,
912 2841 996 2896 multa
1010 2841 1085 2897 dicta
1101 2842 1166 2898 dia·
1243 2842 1244 2897 l

171 2924 301 2981 lectioe'.
344 2923 379 2980 Ut
395 2924 491 2994 Ennii,
511 2926 550 2982 ito
564 2924 701 2980 Varronis
715 2924 802 2980 satira
821 2925 856 2980 ad
879 2939 985 2980 moram
1003 2924 1167 2982 'doctrinam

65 3031 67 3039 ¹
100 3059 103 3063 .
172 3015 200 3063 et
214 3009 355 3064 literarum
375 3007 550 3079 disciplinam
569 3007 680 3080 potius,
702 3023 782 3078 quam
798 3009 835 3064 ιιι
853 3007 991 3064 nominum
1007 3007 1076 3065 titia
1095 3025 1166 3081 per·
1243 3020 1244 3023 ’

173 3091 336 3161 stringenda
355 3089 465 3147 videtur
479 3091 659 3164 pertinuisse.
968 3143 972 3149 ,

252 3173 380 3230 utiterum
403 3175 486 3246 idque
518 3175 721 3233 nobilissimum
745 3177 857 3235 Satires
884 3193 975 3247 genna
1002 3177 1055 3234 tuit
1080 3178 1167 3247 illud,
1243 3162 1244 3175 ¹

171 3258 245 3333 quod
272 3275 294 3314 a·
308 3257 416 3316 Lucilio
440 3259 587 3317 inventore
611 3260 782 3331 appelletum
808 3268 853 3318 est
872 3261 1049 3319 lucilianum.
1076 3314 1079 3320 ,
1101 3261 1165 3316 Etsi

158 3339 244 3396 ·enim
258 3342 311 3398 iarn
328 3349 391 3400 ante
413 3345 590 3400 eum=Ennias
611 3343 715 3415 aliique
733 3345 906 3417 scripserant
926 3345 1043 3412 satiras,
1065 3361 1166 3402 earum

147 3430 261 3514 ,tamea
273 3427 383 3486 indoles
398 3434 427 3484 et
442 3430 529 3487 lorma
544 3434 599 3485 ιιιι
613 3428 817 3499 castellucum,
838 3436 868 3484 ut
881 3428 1003 3486 lucilius
1017 3429 1052 3484 ιιι
1069 3428 1162 3485 liore-
