2525 3942
185 220 245 283 roe
551 167 771 277 sannanim
961 176 1160 301 'paru-1
1260 218 1262 289 l

205 373 245 437 45
267 372 389 450 Virgilio
400 376 557 431 annuerunt
568 369 729 446 gaudentes
740 386 806 429 rure
820 368 971 432 Camenae.

267 455 332 515 lloe
345 463 420 530 erat,
433 461 554 531 experto
565 453 670 513 frustra
680 451 807 513 Varrone
819 451 938 513 Atacino

268 538 364 617 Atque
389 536 556 616 quibusdam
580 535 663 613 aliis,
702 536 806 596 rnelius
834 536 912 615 quod
943 538 1070 603 scribere

776 636 905 697 possem,

268 704 420 765 inventore
432 705 537 772 minor;
548 721 644 781 neque
655 718 713 781 ego
725 702 766 763 illi
777 702 926 763 detrahere
938 706 1028 771 ausim

267 788 439 849 Haerentem
449 788 537 866 capiti
547 804 612 846 curn
621 786 709 847 multa
719 785 804 847 laude
814 803 959 847 coronam.
973 821 1012 833 -

204 872 247 935 bb
267 872 306 932 Ar
316 871 373 932 dixi
388 872 477 931 liuere
491 870 566 929 bunc
576 869 758 946 lutulentum,
774 886 863 947 saepe
874 869 1012 931 ferentem

268 954 350 1015 Plura
362 955 476 1032 quidem
486 952 610 1013 tollenda
621 950 827 1031 relinquendis.
836 952 955 1031 -Age,
968 972 1088 1033 quaeso,

268 1038 311 1098 'lu
321 1038 389 1098 nihil
401 1040 430 1097 in
440 1052 542 1114 magno
554 1036 656 1096 doctus
667 1036 854 1113 reprehendis
865 1034 1011 1110 Homero?

267 1121 314 1181 Nil
326 1124 417 1180 comis
429 1121 528 1198 tragici
542 1128 630 1179 mutat
640 1118 765 1180 Lucilius
775 1118 868 1179 Acci?

266 1204 332 1265 Non
342 1204 415 1263 ridet
425 1222 527 1263 versus
537 1202 611 1263 Enni
620 1205 760 1281 gravitate
771 1206 906 1281 minores,

204 1286 244 1347 55
268 1287 339 1349 Cum
350 1287 386 1346 de
400 1306 433 1346 se
446 1286 573 1365 loquitur
582 1302 640 1346 non
653 1296 684 1347 ut
693 1289 801 1347 maiore
813 1285 981 1366 reprensisl

267 1370 343 1445 Quid
356 1379 434 1430 vetat
445 1379 474 1430 ot
484 1380 597 1431 nosmet
606 1369 696 1430 Lucili
708 1372 815 1448 scripta
826 1371 956 1449 legentes

268 1453 430 1530 Quaerere,
443 1473 510 1513 num
519 1454 612 1531 illius,
627 1472 694 1514 num
704 1472 798 1513 rerum
809 1454 878 1515 dura
888 1460 1000 1534 negarit
1017 1476 1019 1481 ·

265 1536 432 1599 Versiculos
446 1543 545 1597 natura
554 1540 645 1616 magis
660 1538 753 1598 iactos
766 1547 795 1597 et
806 1547 905 1598 euntes

265 1621 397 1698 blollius,
414 1624 484 1681 acsi
496 1618 576 1699 quis,
593 1621 715 1699 pedibus
727 1622 795 1701 quid
807 1621 939 1683 claudere
953 1626 1041 1701 senis,

86 1734 95 1752 ι
203 1696 245 1758 60
265 1704 331 1766 lloc
340 1714 445 1765 tantum
458 1714 626 1782 contentus,
641 1714 716 1765 amet
727 1707 881 1783 scripsisse
894 1706 1031 1767 ducentos

264 1789 339 1849 Ante
351 1789 445 1849 cibum
459 1806 577 1864 versus,
589 1788 709 1849 totidem
720 1797 871 1849 coenatus:
882 1788 997 1851 Etrusci

266 1871 359 1945 Quale
369 1872 422 1931 luit
435 1871 517 1933 Cassi
528 1872 629 1950 rapido
641 1873 798 1932 ferventius
810 1874 882 1931 amni

264 1954 429 2034 Ingenium,
443 1958 539 2034 capsis
554 1974 640 2035 quem
651 1956 724 2015 lama
736 1964 780 2015 est
791 1973 858 2014 esec
869 1954 1007 2035 librisque

265 2039 432 2099 Ambustum
443 2040 577 2118 propriis.
605 2038 704 2099 Fuerit
714 2038 854 2116 Lucilius,
871 2041 994 2118 inquam,

200 2116 242 2179 65
265 2120 362 2183 Goaris
373 2132 402 2183 et
413 2124 551 2197 urbanus,
563 2122 650 2181 luerit
660 2121 781 2183 limatior
792 2123 878 2199 idern,

265 2204 354 2279 Quam
364 2205 442 2266 rudis
456 2214 486 2263 et
498 2202 616 2263 Graecis
627 2206 723 2264 intacti
739 2208 869 2265 carminis
884 2216 993 2283 auctor,

264 2289 414 2365 Quamque
424 2294 574 2365 poetarum
584 2288 729 2347 seniorum
740 2288 835 2357 turba;
850 2287 902 2347 sed
913 2288 972 2367 ille,

263 2372 295 2432 Si
307 2372 384 2430 leret
396 2370 454 2429 hoc
467 2377 594 2429 nostrum
607 2370 666 2429 lato
679 2368 780 2429 dilatus
791 2371 820 2430 in
832 2389 942 2449 aemam,

262 2453 415 2514 Detereret
427 2452 482 2513 sibi
493 2451 595 2530 multa,
611 2453 756 2513 recideret
770 2471 854 2515 omne
869 2455 944 2533 quod
961 2456 1030 2516 ultra

198 2538 241 2599 70
262 2534 423 2605 Perfectum
432 2535 607 2613 traheretur,
623 2545 653 2596 et
664 2539 693 2597 in
703 2556 790 2599 versu
801 2538 933 2598 iaciendo

261 2620 357 2696 Saepe
372 2628 458 2697 caput
469 2619 616 2696 scaberet,
631 2622 714 2681 vivos
727 2630 756 2681 et
766 2620 882 2683 roderet
893 2640 1012 2699 ungues.

261 2703 356 2781 Saepe
368 2702 463 2765 stilum
477 2712 589 2781 vertas,
601 2705 703 2764 iterum
715 2704 884 2782 quaedigna
895 2704 952 2781 legi
965 2709 1030 2780 sint,

262 2786 441 2866 Scripturus,
457 2805 572 2866 neque,
584 2796 613 2847 te
624 2797 656 2848 ut
667 2790 784 2848 miretur
794 2788 889 2861 turbu,
906 2786 1031 2863 labores,

262 2868 418 2931 Contentus
430 2874 529 2949 paucis
539 2870 705 2930 lectoribus.
728 2870 773 2928 dn
788 2878 834 2929 tua
847 2867 962 2927 demens

197 2953 237 3012 75
260 2952 371 3013 Vilibus
384 2952 500 3014 inludis
515 2952 614 3012 dictari
627 2952 749 3010 earmina
760 2946 861 3010 malis?

261 3034 327 3096 Non
337 3051 409 3113 ego:
424 3054 488 3095 nam
502 3035 582 3095 actia
601 3041 647 3093 eet
663 3034 793 3110 equitem
805 3032 1059 3196 malagmam,

767 3124 798 3177 ut
813 3134 848 3177 au
965 3168 970 3173 .

252 3198 419 3259 ‘Contemtis
429 3196 505 3274 aliis,
517 3195 637 3275 explosa
648 3196 807 3259 Arbuscula
820 3199 899 3261 dixit.

258 3280 334 3340 blen’
344 3289 459 3340 moveat
470 3280 564 3341 cimex
573 3279 725 3359 Pantilius,
737 3293 785 3343 aut
796 3286 904 3344 cruciet
915 3282 993 3361 qnod
