2525 3942
114 122 186 281 [04.
199 199 237 274 a]

402 151 701 276 „urrunnu

488 340 587 401 omn
600 326 726 418 vm„

288 470 290 479 ,
350 432 397 484 nn
415 423 857 486 munorumonnsonmom.
940 429 942 440 ¹

154 536 155 545 ¹
267 520 410 580 Donarem
423 527 536 597 pateras
547 526 685 595 grataque
696 511 872 588 commodus,

269 601 438 678 Censorino,
453 603 525 660 meis
539 619 605 661 aera
615 597 771 672 sodalibus,

182 681 192 700 ‘
266 687 410 748 Donarem
420 685 558 763 tripodas,
575 684 700 762 praemia
713 681 827 741 fortium

270 769 426 845 Graiomm,
437 787 532 848 neque
542 777 573 829 tu
589 768 714 846 pessima
724 769 869 824 munerum
924 802 926 808 >

267 855 384 929 Fortes,
396 846 483 912 dirit'e
494 871 540 912 me
552 851 665 911 seilicet
678 851 788 923 artium,

222 994 227 998 .
272 939 349 1013 Quas
359 945 406 998 aut
415 934 578 999 Parrhasius
590 933 706 1012 protulit
716 941 763 992 aut
775 933 895 1009 Scopas,

270 1022 324 1083 llio
337 1038 419 1097 saxo,
438 1019 553 1098 liquidis
565 1018 617 1078 ille
627 1016 772 1076 coloribus
833 1087 835 1090 ι

272 1105 381 1166 Sollers
392 1121 466 1166 nuno
477 1105 621 1164 hominem
630 1118 750 1181 ponere,
761 1116 837 1158 nuno
851 1095 943 1156 deum.

273 1188 331 1250 Sed
341 1206 398 1251 non
408 1190 483 1260 haee
490 1188 557 1247 mihi
568 1183 764 1263 uis,neetibi
776 1182 872 1242 talium
997 1177 1000 1190 '

271 1274 331 1334 Res
345 1282 389 1333 est
401 1282 449 1332 aut
462 1275 571 1332 animus
583 1270 748 1331 delitiarum
759 1283 859 1344 egens.

274 1357 385 1436 Gaudes
396 1357 580 1423 carminibns;
592 1355 713 1416 earmina
729 1366 879 1430 possumus

268 1434 387 1502 'Donare
398 1449 427 1500 et
441 1442 562 1518 pretium
574 1439 671 1498 dicere
687 1436 804 1494 muneri.

272 1525 339 1585 Non
348 1525 438 1585 ineisa
449 1525 525 1582 notis
540 1537 678 1582 marmora
690 1518 823 1597 publicis,

274 1609 328 1668 Per
339 1624 413 1686 quae
424 1609 540 1685 spiritus
552 1615 581 1664 et
597 1607 655 1664 vita
669 1601 743 1661 redit
753 1602 836 1659 bonis

259 1693 343 1752 ‹Post
352 1700 472 1764 mortem
483 1689 612 1763 ducibus,
624 1704 682 1747 non
693 1685 803 1744 celeres
821 1682 906 1762 iugae

217 1830 221 1840 .
273 1777 469 1852 Reieotaoque
484 1782 640 1833 retrorsum
650 1767 812 1830 Hannibalis
823 1769 924 1843 minae,
968 1789 971 1795 ·

274 1860 341 1921 Non
354 1858 485 1931 incendia
500 1856 677 1934 Carthaginis
693 1854 796 1930 impiae
907 1845 925 1914 ,⁹

275 1943 356 2020 Eius,
370 1944 417 2020 qui
433 1941 538 2002 domita
546 1959 650 2002 nomen
660 1939 695 1998 ab
709 1936 806 1996 Africa
923 1989 928 1994 ,
953 1949 955 1954 ·

275 2027 411 2088 Lucratus
422 2019 517 2102 lediit,
530 2026 633 2087 elarius
644 2022 766 2083 indicant

274 2110 396 2186 Laudes,
411 2128 495 2188 quam
506 2108 644 2174 Calabrae
654 2103 796 2166 Pierides:
818 2119 923 2180 neque,

117 2248 119 2255 .
178 2268 181 2273 .
250 2220 252 2225 ¹
276 2197 307 2254 Si
319 2195 433 2255 chartae
445 2193 546 2254 sileant
558 2192 635 2273 quod
646 2192 719 2251 hene
731 2189 847 2262 feceris,

275 2277 439 2339 lleroedem
452 2278 561 2337 tuleris.
596 2275 671 2351 Quid
680 2267 756 2334 ieret
770 2271 840 2332 lliae

235 2410 238 2415 .
277 2362 470 2439 Mavortisque
481 2380 568 2439 puer,
581 2364 606 2420 si
617 2359 792 2433 tatitmites

245 2473 249 2482 ·
279 2446 411 2507 Obstaret
426 2447 534 2506 meritis
544 2444 639 2505 invida
648 2437 784 2503 Romuli?

278 2529 416 2608 Ereptum
433 2531 541 2607 Stygiis
552 2529 685 2588 fluetibus
699 2524 823 2584 Aeaeum
858 2528 860 2537 ’

279 2613 374 2673 Virtus
388 2622 417 2672 et
431 2613 512 2672 lavor
524 2621 552 2672 et
563 2612 659 2689 lingua
675 2609 831 2688 potentium
896 2625 897 2632 ¹

205 2727 207 2734 ·
278 2698 380 2757 Vatum
392 2697 524 2756 divitibus
536 2703 686 2756 consecrat
700 2689 810 2751 insulis.

236 2790 239 2795 ’
278 2780 402 2859 Dignmn
414 2780 498 2841 laude
509 2771 599 2843 ritum
608 2777 691 2839 llusa
705 2781 782 2833 vetat
792 2771 878 2832 mori:

281 2862 372 2925 Coelo
383 2859 464 2925 lliusa
475 2865 549 2924 beat.
583 2862 633 2922 sie
647 2859 725 2921 lovis
736 2859 855 2916 interest

272 2948 391 3028 optatis
409 2948 502 3028 epulis
513 2949 635 3026 impiger
643 2941 795 3017 Hercules,
907 3001 911 3010 ,

281 3029 394 3093 Glanum
405 3032 581 3109 Tyndaridae
590 3027 829 3099 sidusabinilmis
942 3085 945 3104 ι

187 3160 191 3164 -
219 3127 226 3148 ·
282 3115 409 3188 Quassas
421 3120 544 3198 eripiunt
552 3115 726 3196 aequoribus
738 3119 826 3184 ratos,
920 3138 923 3148 =

283 3198 403 3298 Ornatus
414 3203 496 3262 viridi
509 3210 639 3280 tempora
648 3197 782 3300 pampino

281 3281 368 3345 Liber
380 3295 448 3346 rota
461 3287 554 3346 bonos
565 3286 643 3345 ducit
654 3281 689 3343 ad
700 3281 803 3340 exitus.

537 3381 688 3392 *ιι-
