2525 3942
188 201 251 266 nec
338 203 341 206 ’
509 206 512 211 ·
625 203 779 265 arcuum
1023 209 1156 286 roura]
1259 167 1260 172 ‘

312 354 454 438 Ametque
465 354 541 414 salsa
550 354 625 417 leurs
635 356 732 416 bueus
744 373 879 433 aequora
1134 422 1146 428 ‚

186 440 228 502 3⁵
252 432 368 516 llaec,
386 447 415 498 et
427 456 502 516 quac
515 447 648 516 potsmnt
659 437 766 498 reditus
777 438 944 500 abscindere
960 440 1069 517 dulces,

208 572 211 577 ,
311 520 416 581 Eamus
428 539 518 581 omnus
534 530 682 582 exsecrata
698 523 808 598 civitas,
1032 569 1033 572 ,

269 604 327 666 Aut
337 621 404 683 pars
414 603 531 665 rndocrlr
541 605 644 668 mehor
654 623 760 683 grege
778 604 872 676 mollis
885 614 1029 684 etcxspes

311 685 466 748 inaminata
477 690 631 767 perprimat
649 687 769 748 cubilia!

128 839 133 847 ¹
269 771 331 830 Vos
339 772 631 850 ,quibusestuirtus
644 741 1041 848 muliebremtelliteluetum‚

185 850 228 913 40
312 852 434 915 Etrusca
445 863 558 932 praeter
569 863 598 914 nt
612 854 707 914 volate
719 855 819 914 litora!

270 937 332 997 Nos
343 945 436 999 manet
447 937 617 998 Oceanus
591 947 804 1014 circumvagus'r
820 955 902 1013 arva,
921 937 1004 998 beata

287 1028 300 1088 ἕ
312 1019 442 1080 Petamus
456 1038 522 1080 arva
533 1019 635 1080 divites
648 1028 676 1079 ct
690 1020 807 1096 insulas,

270 1103 374 1163 Reddit
385 1104 433 1162 ubi
444 1121 571 1171 cererem
581 1101 666 1164 tellus
678 1105 783 1164 inarata
794 1105 943 1182 quotannis

310 1185 348 1245 Et
359 1188 492 1263 imputata
502 1185 586 1245 deret
597 1203 688 1264 usqne
699 1188 792 1262 vinea,

182 1266 226 1332 45
270 1266 412 1328 Germinat
422 1278 451 1328 et
459 1287 601 1346 nunquam
614 1268 738 1329 fallentis
750 1279 854 1329 termes
867 1269 959 1330 olivae

310 1351 452 1430 Suamque
464 1351 540 1429 pulla
551 1352 621 1412 licus
635 1361 714 1412 ornat
724 1353 863 1428 arborem,
896 1403 902 1411 .
926 1395 928 1404 ι

267 1433 353 1495 blella
368 1451 438 1495 cava
447 1443 558 1495 manunt
569 1453 606 1494 ex
615 1434 694 1511 ilice,
706 1436 848 1496 montibus
860 1436 923 1495 altis

308 1516 394 1577 beris
405 1526 541 1597 crepante
551 1517 665 1595 lympha
678 1518 772 1578 desilit
784 1518 867 1597 pede.

240 1600 351 1661 lllic
342 1602 467 1660 iniussae
479 1603 595 1662 veniunt
605 1601 641 1662 ad
652 1600 770 1662 mulctra
782 1601 909 1680 capellae

183 1686 223 1747 50
308 1683 466 1764 Refertque
479 1692 556 1745 tenta
569 1703 642 1763 grex
656 1687 762 1746 amrcas
774 1686 872 1762 ubera
922 1697 926 1705 '

258 1761 331 1828 Nec
340 1769 521 1846 vespertinus
533 1768 728 1846 circumgemit
740 1788 823 1829 ursus
837 1768 923 1845 evile,

194 1911 197 1915 .
309 1850 431 1930 Neque
422 1853 583 1912 intumescrt
597 1850 691 1912 alta
663 1870 770 1930 viperis
781 1853 891 1912 humus

143 1969 148 1977 ·
266 1932 407 2013 Pluraque
418 1934 520 1995 felices
531 1935 702 2010 mirabimur,
719 1944 750 1994 ut
763 1953 857 2012 neque
870 1935 956 2012 largis

188 2053 196 2065 ,
310 2018 446 2097 Aquosus
456 2017 550 2079 Eurus
559 2035 626 2077 arva
637 2016 715 2076 radat
729 2017 874 2094 imbribus,

65 2166 69 2171 ¹
181 2098 221 2158 55
265 2099 384 2180 Pinguia
394 2120 450 2162 nec
461 2102 548 2160 siccis
562 2107 676 2159 urantur
686 2102 793 2161 semina
804 2100 910 2178 glebis

306 2183 463 2263 Utrumque
474 2200 545 2260 rege
560 2189 736 2259 temperante
751 2184 895 2256 coelitum

137 2290 141 2298 ⁴
263 2264 884 2346 Nonbucrlrgoccontenditremigepinus,

306 2349 408 2428 Neque
419 2348 560 2426 impudica
572 2344 690 2408 Colchis
701 2349 792 2411 intulit
804 2349 921 2430 pedem:

263 2432 328 2493 Non
338 2434 393 2493 huc
405 2431 514 2492 Sudonu
525 2439 669 2492 torserunt
681 2450 786 2496 cornua
796 2444 898 2495 nautae

158 2565 163 2576 .
179 2520 221 2580 60
303 2513 459 2576 Laboricsa
469 2533 524 2576 nec
538 2515 643 2575 cobdrs
654 2515 757 2578 lllixei.

261 2598 346 2659 Nulla
356 2609 461 2661 necent
472 2600 571 2678 pecori
584 2602 726 2678 contagia,
738 2601 841 2662 nullius
855 2605 922 2663 astri
1016 2618 1020 2620 ·

292 2679 428 2761 .Gregem
438 2692 573 2746 aestuosa
583 2691 672 2744 terret
683 2686 855 2762 rmpctentra.

102 2845 106 2849 ῃ
260 2763 856 2849 luppiterillapiaesecrevitlitcrageuti‚

216 2857 220 2863 '
301 2849 844 2929 Utinquinavitaeretempusaureum,

174 2932 216 2993 ab
258 2931 352 3007 Aere,
367 2933 470 2994 debinc
481 2934 557 2992 lerro
569 2930 678 2990 duravit
690 2933 815 3011 saecula,
829 2951 947 3012 quorum
1069 3001 1072 3012 ,

299 3014 357 3076 Piis
368 3015 495 3076 secunda
505 3023 571 3073 vate
581 3031 627 3072 me
641 3013 721 3074 datur
730 3015 807 3094 iuga.
