2525 3942
113 230 178 305 [oa
194 231 233 308 4.]
359 259 363 267 ·
503 214 614 295 unua
628 236 677 296 1v.

164 405 170 422 ι
265 380 372 442 Videre
383 381 481 446 Raetis
491 387 568 448 bella
578 389 632 448 sub
643 356 764 469 Alpibus
828 357 837 364 ‚

263 463 387 526 Drusum
398 479 547 545 gerentem
554 471 709 544 Vindelici3
724 510 734 523 ·
747 479 850 556 quibus
866 525 885 548 -,
930 487 933 494 ’

208 615 212 618 .
313 548 378 610 llos
392 551 467 613 unde
479 553 617 616 deductus
629 574 683 635 per
695 577 778 620 omne

357 633 481 714 Tempus
491 638 645 701 Amazonia
660 646 755 704 securi
855 715 858 719 ,
928 664 932 673 ’

219 817 221 820 s
261 765 383 827 Dextrae
399 771 542 850 obarmet,
556 779 695 852 quaerere
708 777 813 856 distuli,
897 835 903 845 ,
926 770 928 778 ’

207 852 210 857 “
260 849 322 910 Nec
339 854 644 929 scirefasestomuia;
657 862 731 922 -sed
746 862 793 921 diu
857 859 865 865 ’

309 932 435 1015 lateque
445 941 579 1009 victrices
591 951 726 1024 catervae

355 1019 489 1083 Consiliis
500 1026 610 1085 iuvenis
621 1030 746 1090 revictae

259 1143 398 1223 sensere,
411 1148 478 1226 quid
491 1168 571 1210 mens
581 1152 652 1233 rite,
673 1153 740 1236 quid
750 1154 860 1216 indoles

257 1226 368 1290 liutrita
379 1231 479 1293 iaustis
493 1234 546 1293 sub
560 1237 753 1313 penetralibus

308 1310 424 1392 Posset,
439 1314 505 1394 quid
517 1319 638 1397 Augusti
651 1329 783 1405 paternus

349 1395 382 1458 lu
401 1416 506 1477 pueros
518 1405 626 1476 animus¹
637 1403 780 1466 Nerones?
798 1493 803 1499 .

254 1521 357 1584 Fortes
371 1535 502 1587 creantur
513 1527 634 1588 iortibus
647 1538 675 1590 et
686 1530 788 1598 bonis;
886 1551 888 1556 ·

253 1605 306 1668 Est
315 1610 345 1669 iu
357 1610 508 1687 iuvencis,
528 1620 573 1671 est
585 1615 614 1672 iu
626 1615 707 1690 equis
719 1624 827 1691 patrum
945 1676 950 1684 ,

305 1692 413 1769 Virtus,
425 1712 519 1771 neque
531 1694 674 1759 imbellem
685 1696 799 1757 ieroces

346 1775 540 1854 Progeneraut
550 1779 662 1857 aquilae
675 1779 848 1854 'columbam

252 1908 389 1970 Doctrina
398 1892 453 1971 seri
461 1913 519 1971 viru
534 1914 684 1992 promovet
698 1917 818 1994 insitam,
897 1940 912 1969 z

252 1992 394 2072 liectique
406 1994 627 2074 cultuspectora
638 1999 787 2060 roborant:

212 2116 222 2126 -
278 2078 712 2161 .Utcunquedeieceremores,

298 2184 306 2192 “
328 2162 596 2226 Dedecorantbeue
610 2177 674 2228 nata
685 2168 796 2247 culpae.

217 2362 221 2367 ‚
253 2295 327 2369 Quid
338 2282 469 2375 debeas,
481 2317 498 2360 o
512 2299 618 2378 Roma,
635 2301 805 2382 Neronibus,

250 2379 342 2440 'lestis
353 2379 508 2443 Metaurum
520 2384 623 2445 ilumen
637 2395 665 2445 et
676 2387 831 2449 Hasdrubal
922 2387 924 2390 ’
954 2431 964 2438 -
1010 2383 1019 2391 ”

299 2463 438 2525 Devictus
455 2475 485 2526 et
500 2467 621 2546 pulcher
630 2470 735 2548 iugatis

339 2546 392 2608 Ille
403 2549 464 2609 dies
476 2549 555 2612 Latio
567 2554 704 2631 tenebris,

251 2659 307 2754 Qui
319 2676 424 2760 numus
437 2682 509 2744 alma
519 2687 581 2745 risit
591 2685 707 2765 adorea,
725 2731 730 2738 -

154 2833 164 2842 .
246 2764 331 2826 Dirus
343 2785 396 2845 per
407 2768 493 2828 urbes
502 2768 574 2828 Afer
585 2768 709 2831 ut-ltalas

299 2847 359 2910 Ceu
371 2851 480 2913 bamma
491 2866 544 2931 per
553 2853 651 2914 taedas
661 2844 708 2915 vel
716 2856 810 2918 Eurus
870 2915 873 2918 .

341 2935 396 2996 Per
406 2937 516 2998 Siculas
529 2939 666 3036 equitavit
676 2941 774 3002 undas.

243 3056 311 3118 Post
321 3060 379 3120 boc
390 3061 523 3126 secundis
534 3083 627 3144 usque
640 3065 783 3128 laboribus

159 3177 162 3182 -
243 3140 369 3204 Romana
379 3146 471 3223 pubes
481 3150 590 3226 crevit,
608 3154 640 3210 'et
650 3151 736 3230 impio

198 3272 201 3281 .
292 3227 408 3289 Vastata
418 3229 576 3293 Poenorum
584 3234 703 3295 tumultu
778 3246 784 3253 “

227 3357 232 3365 .
335 3310 410 3373 Dana
421 3314 491 3376 deos
504 3316 628 3378 habuere
643 3329 748 3398 rectos,

140 3390 292 3440 aonnrrus.
502 3401 506 3420 ’

1035 1115 1198 1224 25
