2525 3942
112 253 186 326 [sa.
200 251 253 327 ra]
509 246 622 309 arcun
637 246 659 307 1.
818 204 820 209 ¹
1022 246 1082 313 107

198 401 252 463 Eat
264 402 403 463 brevitate
419 418 510 480 opus,
526 408 558 461 ut
570 410 664 461 currat
674 402 814 462 sententia
830 418 885 462 neu
897 418 931 463 re

198 484 338 565 impediat
347 485 444 545 verbis
455 484 548 545 laesas
560 484 741 545 onerantibus
753 502 848 560 aures,
1043 490 1084 551 10

197 568 235 630 Et
245 585 380 630 sermone
396 584 471 647 opus
484 576 531 628 cst
544 567 629 628 modo
643 569 727 645 tristI,
740 584 829 646 saepe
839 571 955 647 iccccc⁹

90 661 98 681 ‘
198 652 378 714 Defendente
388 654 482 712 vicem
493 651 579 712 rnodc
590 653 714 711 rhetoris
726 660 811 731 atqua
823 658 940 730 potitae,

197 734 341 797 Interdum
350 736 463 813 urbani,
478 736 620 815 parcentis
633 736 741 795 viribus
752 730 851 814 atque

196 818 596 881 Extenuantiseacccnsultc.
618 818 779 879 Ridiculum
789 819 849 879 acri

197 900 928 982 Fortiusetmeiiuamagnaapierumqueaecctrcs.
1041 906 1081 969 15

197 985 258 1064 tut,
272 988 379 1065 scripta
390 987 493 1065 quibus
504 986 655 1046 comoedia
670 989 766 1064 prisca
776 988 845 1046 viris
856 995 911 1064 eat,
984 1011 987 1015 ·

196 1069 260 1131 Hac
268 1071 388 1147 stabant,
401 1071 458 1130 hcc
466 1080 532 1131 aunt
543 1069 679 1140 imitandi;
695 1086 768 1149 quos
779 1087 873 1149 neque
885 1069 1004 1148 putcher

195 1154 393 1232 Hermogenes
400 1172 526 1233 ‘uuquam
538 1154 625 1232 legit,
638 1172 734 1232 neque
748 1155 847 1213 simius
861 1156 927 1229 iste,

72 1307 75 1313 ¹
195 1236 242 1298 Nii
256 1249 371 1317 practer
381 1236 498 1297 Calvum
513 1247 542 1298 et
553 1238 655 1297 doctus
668 1247 781 1298 cantare
792 1235 942 1297 Catullum.

195 1319 265 1391 yAt
279 1338 410 1399 magnum
420 1320 507 1397 iecit,
526 1320 604 1399 quod
614 1321 711 1381 verbis
726 1320 835 1381 Graeca
849 1319 953 1381 Latinis
1041 1324 1082 1387 20

195 1404 320 1463 Miscuit.
343 1403 467 1474 50eeri
479 1403 653 1480 studiorum,
672 1406 757 1481 quine
773 1408 878 1483 putetis

195 1485 322 1548 Difficile
333 1496 363 1546 et
372 1487 489 1562 mirum,
501 1486 615 1546 Rhodio
629 1486 708 1565 quoi
717 1486 889 1547 Pitholeonti

197 1567 346 1648 Contigit?
365 1568 433 1639 JAt
444 1586 538 1629 sermo
548 1568 645 1647 lingua
657 1571 813 1629 concinnus
825 1579 943 1648 utraque

194 1654 326 1730 Suartor,
342 1662 373 1713 ut
383 1650 456 1713 chio
470 1662 537 1713 ncta
548 1654 573 1712 ai
585 1654 736 1712 conmixta
746 1650 858 1712 Falerni
873 1662 927 1713 eet.

194 1735 400 1808 ycumveraua
412 1736 513 1814 iacias,
521 1744 552 1796 te
562 1738 655 1814 ipsum
668 1744 831 1814 percontor,
845 1754 880 1796 an
891 1745 921 1796 et
932 1754 995 1797 cum
1040 1740 1079 1802 25

193 1821 272 1880 Dura
282 1820 333 1881 titi
345 1820 508 1899 peragenda
519 1822 563 1880 rei
577 1822 614 1879 eit
625 1836 712 1880 causa
722 1817 836 1879 Petilli?

195 1904 314 1964 Scilicet
327 1904 433 1964 obiitus
445 1906 612 1983 patriaeque
624 1904 771 1982 patrieque
787 1900 877 1960 Latini

195 1988 267 2048 Gum
276 1988 383 2048 Pedius
395 2004 495 2049 caueae
511 1987 631 2048 exsudet
644 1985 790 2065 Poplicola
801 1996 886 2066 atquc

194 2070 351 2149 Corvinus,
369 2073 467 2151 patriis
478 2073 673 2131 intermiscere
685 2072 773 2151 petita

193 2154 289 2215 Verba
299 2155 369 2215 ioris
380 2155 472 2232 unalia,
486 2154 620 2216 canusini
630 2172 712 2215 more
725 2154 877 2232 bilinguist
1037 2158 1079 2221 30

193 2239 289 2317 Atque
299 2255 357 2317 ego
372 2258 436 2299 curu
442 2237 569 2300 Graecos
580 2240 717 2316 iacerem,
730 2248 811 2298 natus
822 2256 900 2299 mare
912 2240 992 2316 citra,

193 2322 376 2399 Versiculos,
392 2325 483 2384 vetuit
494 2342 541 2383 aue
554 2323 604 2384 tali
617 2338 693 2383 voce
706 2322 852 2397 Quirinus,
880 2330 881 2340 ¹
989 2348 994 2355 ¹

194 2404 262 2466 Post
277 2406 396 2465 mediam
407 2416 521 2467 noctem
531 2409 628 2483 visus,
646 2424 710 2465 cunr
721 2408 830 2465 comnia
843 2424 925 2468 vera:

69 2525 73 2529 -
194 2487 251 2565 „tn
262 2487 362 2547 silvam
374 2505 431 2548 non
442 2490 519 2565 ligura
529 2489 605 2548 ieras
616 2490 760 2564 insanius,
774 2506 808 2547 ac
820 2490 844 2547 si

195 2568 337 2645 „Magnas
347 2567 520 2629 Graecorum
530 2570 611 2630 ruatis
623 2570 744 2649 implere
756 2573 920 2629 cateruae.“
1039 2575 1078 2636 35

194 2650 335 2727 Turgidua
346 2650 466 2728 Alpinus
477 2652 586 2728 iugulat
597 2651 662 2709 durn
672 2651 822 2711 Memnona
836 2652 959 2730 dumque

194 2732 321 2810 Detiugit
330 2733 423 2793 Rheni
434 2733 540 2793 luteum
552 2733 740 2811 caput‚haec
751 2750 807 2811 ego
819 2733 897 2811 iudo,

195 2815 278 2889 Quae
287 2833 383 2896 neque
394 2817 423 2876 iu
438 2816 511 2876 aede
522 2824 625 2876 sonent
637 2818 771 2877 certantia
782 2817 877 2877 iudice
889 2814 992 2896 Tarpa,

193 2898 256 2959 Nec
264 2898 383 2959 redeant
392 2901 493 2959 iterum
504 2909 589 2979 atque
600 2901 700 2959 iterum
710 2900 865 2977 spectanda
873 2900 1000 2963 theatris.

192 2982 301 3059 Arguta
312 2984 463 3042 meretrice
475 2991 559 3061 potes
569 2982 711 3061 Davoque
723 2980 873 3044 Chremeta
1036 2984 1079 3047 40
1188 3044 1194 3049 .

191 3064 332 3125 Etudcnte
343 3082 443 3125 cenem
454 3068 544 3126 cornia
555 3066 664 3144 garrire
674 3064 789 3125 libellos

191 3148 271 3208 Unus
285 3151 432 3227 rivorum,
444 3148 585 3218 Fundaui;
596 3146 688 3208 Pollio
698 3166 798 3227 regum
878 3134 885 3161 '

190 3229 278 3292 Facta
290 3233 365 3292 canit
374 3230 450 3309 pede
460 3240 506 3293 ter
515 3246 670 3312 percursam
690 3231 767 3291 forte
783 3247 856 3311 epos
868 3250 946 3310 acer,

190 3312 229 3373 Ut
238 3330 342 3392 neruo,
357 3313 459 3376 Varius
470 3314 562 3385 ducit:
576 3312 665 3375 rncile
676 3322 762 3393 atque
775 3315 898 3377 facetum
