2525 3942
145 239 209 316 tou,
224 230 312 318 aet,
564 237 684 299 uranu.
805 333 811 342 .

471 512 476 518 ι
523 430 623 487 oram
638 431 737 486 xva.

397 534 444 586 ao
462 534 641 587 noruuanu
656 533 851 588 nonnarum.
900 545 902 550 ·

228 645 323 705 Altera
336 646 390 704 iam
400 645 501 705 teritur
511 643 595 704 bellis
607 643 739 704 oivilious
749 653 839 720 aetas,

213 731 216 756 ¹
270 728 336 787 Suis
348 738 378 788 et
389 730 452 806 ipsa
464 728 555 790 Romu
565 727 673 789 viribus
684 728 754 788 ruit:

229 809 319 885 Quam
330 830 424 890 neque
436 813 543 872 iinitimi
553 813 701 876 valuemnt
712 809 833 889 perdere
843 810 929 872 Marsi

269 893 389 955 bliuaeis
403 905 450 956 aut
459 895 581 956 Etrusca
590 895 734 958 Porsenae
744 911 854 970 munds,

227 977 409 1038 Aemulauee
419 981 508 1039 virtus
521 978 647 1057 Capuae,
660 998 714 1041 nee
725 981 879 1059 Spartacus
900 997 968 1044 aner
1091 981 1110 1041 5

269 1060 416 1140 Notisqne
427 1063 513 1122 rebus
522 1062 645 1123 iniidelis
655 1063 804 1141 Allobrox,

226 1143 289 1206 Neo
301 1146 362 1205 fera
376 1145 508 1205 caerulea
519 1145 625 1207 domuit
637 1143 784 1208 Germania
796 1148 872 1225 pube
994 1152 1007 1180 ⁸

116 1304 120 1307 ,
268 1226 838 1307 ParentibusqueabominatnsHannibal;

225 1309 315 1388 Impia
325 1310 476 1389 perdemus
489 1312 584 1372 devoti
595 1316 841 1394 sauguinis-aetas,

267 1394 407 1472 Ferisque
417 1413 514 1454 rursus
527 1397 714 1474 oeoupabitur
724 1396 829 1457 solum!
1068 1400 1109 1461 10

224 1476 364 1537 Barbams
377 1477 433 1536 beu
444 1479 556 1537 eineres
567 1480 679 1538 insistet
688 1481 797 1555 vietor,
811 1489 839 1538 et
851 1479 956 1539 Urbem

223 1626 226 1631 r
242 1559 365 1637 ‘Eques
378 1568 496 1620 sonante
505 1561 667 1621 verberabit
678 1561 793 1639 ungula,

224 1641 364 1721 Quaeque
376 1652 473 1702 carent
482 1645 575 1702 nentis
585 1652 615 1702 et
626 1643 736 1704 solibus
750 1660 817 1704 ossa
830 1644 964 1722 Quirini,-

265 1725 354 1786 Neias
365 1725 456 1785 rideri
476 1757 487 1770 -
499 1725 648 1804 dissipabit
660 1721 802 1787 insolens!

186 1866 198 1872 -
222 1809 320 1885 Forte,
333 1809 400 1888 quid
416 1804 559 1888 expediat,
571 1811 755 1870 communiter
765 1816 813 1870 aut
826 1809 927 1871 melior
939 1828 1004 1889 pars
1065 1817 1104 1877 15

263 1892 346 1954 Maiis
359 1910 456 1953 earere
469 1895 602 1971 quaeritis
613 1893 771 1971 laboribus;

222 1976 305 2037 Nulla
316 1977 417 2037 sithao
428 1979 525 2054 potior
538 1977 689 2038 sententia:
700 1971 894 2038 Phocaeorum
914 1975 919 1984 “

263 2059 347 2120 Velut
358 2060 486 2139 proingit
496 2068 643 2122 exsecrata
657 2062 757 2121 civitas
804 2079 808 2089 ¹
857 2063 867 2084 ‘

219 2143 627 2223 igrosatqueberespatrios
658 2144 940 2225 habitandaqueiana

138 2250 142 2256 ·
261 2225 348 2305 Apris
359 2227 473 2306 reliquit
484 2237 513 2288 et
522 2227 770 2307 rapacibusiupis‚
822 2273 832 2283 .
1063 2234 1103 2294 20

149 2303 153 2309 ’
219 2307 280 2386 lae,
294 2311 384 2389 pedes
396 2326 566 2390 quoeunque
577 2312 680 2388 ierem,
695 2327 866 2392 quoeunque
878 2331 930 2392 per
941 2313 1029 2374 undas

160 2394 166 2413 ¹
260 2393 354 2454 Notus
364 2395 479 2454 uocabit
492 2403 539 2455 aut
551 2404 702 2472 proteruus
712 2395 837 2456 Airious.

220 2477 270 2536 Sie
280 2474 395 2554 plaeeti
407 2495 442 2536 an
451 2477 553 2536 melius
564 2481 629 2555 quis
638 2477 723 2538 habet
735 2476 874 2539 suadere?
884 2496 921 2562 ⁴:
930 2478 1059 2551 Secunda

205 2563 211 2576 ‘
261 2558 362 2619 Ratem
375 2575 518 2635 oooupare
529 2559 747 2636 quidmoramur
758 2559 847 2620 alite?

221 2640 279 2700 Sed
289 2644 414 2699 iuremus
425 2641 453 2699 in
463 2641 550 2699 haee:
565 2642 655 2701 Sirnul
671 2645 734 2702 imis
745 2659 812 2702 saxa
824 2643 949 2702 renarint
1062 2647 1101 2708 25
1160 2648 1167 2658 ‘

261 2721 349 2784 Vadis
360 2721 518 2798 leuata‚ne
530 2721 624 2782 redire
637 2723 673 2782 sit
682 2723 779 2793 neias;
963 2775 967 2784 .

218 2805 247 2868 N
248 2825 284 2866 eu
296 2823 435 2866 eonversa
450 2805 562 2866 domum
580 2806 682 2884 pigeat.
692 2806 758 2866 dare
770 2806 871 2884 lintea,
884 2806 996 2888 quando

260 2889 353 2951 Padus
363 2888 580 2950 bietina'iaverit
592 2891 746 2967 eacumina,
769 2930 772 2935 -

217 2971 338 3035 lamam
350 2991 401 3033 seu
416 2973 512 3034 celsus
523 2975 696 3050 procurrerit
706 2973 883 3054 Apenninus,
1032 3036 1036 3041 f

259 3055 400 3136 Notaque
409 3065 534 3118 monstra
545 3059 667 3118 iunxerit
677 3056 793 3124 libidine
1059 3060 1101 3122 30

217 3138 307 3202 liirus
319 3157 407 3217 amor,
423 3143 501 3200 iuret
511 3149 542 3200 ut
551 3142 640 3220 tigres
652 3142 801 3205 subsidere
813 3143 916 3219 certis,

259 3222 441 3285 ,adulteretur
453 3232 482 3286 et
493 3223 624 3286 columba
635 3226 732 3305 miluo,

218 3305 341 3368 Credula
351 3327 408 3370 neo
421 3327 506 3372 raros
516 3310 633 3371 timeant
642 3319 766 3373 armenta
777 3309 888 3393 leones,
934 3386 952 3442 9

180 3401 338 3447 nonanus.
