2525 3942
165 198 235 273 ‘nse
392 180 399 290 J
536 204 799 267 ιιιιειοιιιιιιιι
989 209 1090 307 [rpus
1109 216 1127 269 3
1125 219 1149 291 J

257 358 343 432 Quod
354 361 390 419 sit
392 358 573 456 conscripti,
588 355 667 455 qnod
677 356 779 418 indiois
791 357 931 434 officium,
948 376 1022 437 quse

170 446 234 507 315
256 442 374 503 Partes
365 462 395 503 ιιι
404 440 510 503 beilum
519 458 598 501 ausu
591 439 707 501 duors
724 440 773 501 dle
784 442 916 519 profecto

256 526 390 587 Reddere
401 539 542 603 personae
553 525 609 583 sert
618 526 816 594 conuenientia
828 542 942 602 unique

256 610 417 687 Respicere
428 607 575 685 exemplar
582 609 659 667 uitae
673 624 838 686 morumque
848 608 954 669 iubebo

129 745 134 754 ,
254 694 378 755 Dootdnn
389 694 574 767 imitatorem,
590 700 620 749 et
629 692 710 751 viras
721 692 786 753 hino
799 692 905 751 duoere
916 708 1017 753 voees.

207 779 214 796 ⁸
255 776 397 838 interdurn
409 778 544 854 spetiosa
553 774 627 835 loois
638 784 802 853 morataque
812 784 893 836 route

171 864 235 925 320
256 854 377 938 Fabula,
393 859 497 920 nuliius
507 860 638 934 seueris,
656 860 717 919 sine
729 858 857 937 pondere
868 868 898 919 et
908 869 978 936 arte,

253 944 370 1004 Vaidius
382 943 507 1004 obiectat
521 958 558 1020 po
562 940 658 1019 pulum
668 941 827 1021 meliusque
837 952 972 1019 moratur,

255 1028 347 1102 Quam
357 1045 459 1087 versus
468 1029 572 1103 inopes
581 1044 675 1086 rerum
686 1042 837 1103 nugaeque
850 1042 980 1087 oanorae.

255 1110 348 1172 Graiis
362 1113 526 1190 ingeninnn‚‘
540 1106 632 1168 Graiis
647 1108 724 1169 dedit
736 1126 787 1169 ore
798 1109 920 1169 rotundo

254 1193 336 1255 dinsa
346 1194 443 1273 loqui,
462 1200 576 1270 praeter
587 1190 699 1253 landem
710 1192 926 1254 nulliusauaris.

168 1281 232 1343 325
254 1276 840 1355 Romanipuerilongiorationibusassem
914 1318 917 1325 -

252 1361 373 1422 Disonut
384 1363 413 1421 in
424 1368 519 1437 partes
532 1366 646 1419 centurn
656 1358 800 1440 diduoere.
824 1365 844 1431 5
857 1358 965 1437 „Dicat

253 1443 366 1522 „Filius
377 1442 486 1505 Albini:
503 1443 534 1503 Si
545 1441 582 1501 de
597 1444 757 1520 quinonnoe
772 1453 880 1505 remota
891 1452 936 1503 est

253 1523 1146 1607 „Uueia,quidsuperat?“5Poterasdixisso:taiena.5‚‚idu!

253 1612 350 1689 „Rem
365 1613 473 1691 poteris
484 1628 601 1670 seruare
613 1618 698 1671 tuam.
721 1610 805 1671 Redit
818 1613 917 1689 unoia,
931 1612 998 1691 quid
1009 1610 1087 1672 dt?“

169 1701 232 1761 330
253 1699 274 1766 5
283 1695 392 1757 Sennis.
415 1699 435 1766 5
444 1695 495 1769 At,
507 1694 702 1755 haeoanimos
713 1712 822 1773 aerugo
835 1706 865 1757 et
878 1716 945 1758 eura
957 1698 1054 1775 peouii
1186 1730 1189 1733 -
1253 1681 1255 1689 ’

253 1777 325 1839 Corn
336 1779 424 1839 sornel
435 1778 584 1853 imbuerit,
602 1795 750 1857 speramns
761 1781 883 1839 earmina
897 1779 964 1859 fingi

254 1861 343 1922 Posse
355 1860 468 1924 linenda
478 1860 566 1921 oedro
579 1869 609 1920 et
620 1860 678 1922 levi
690 1862 830 1923 servanda
841 1861 1000 1941 cupresso?

295 1945 352 2005 nint
362 1945 502 2025 prodesse
513 1944 628 2021 uolunt,
645 1953 692 2005 aut
702 1945 847 2007 delectare
860 1952 976 2025 poetae,

252 2029 309 2090 Aut
323 2029 447 2090 simulet
459 2028 581 2089 ineunda
593 2038 624 2087 et
634 2028 737 2089 idonea
748 2028 845 2089 dieere
856 2032 941 2091 vitae.

167 2114 230 2175 335
254 2112 398 2192 Quidquid
408 2114 588 2189 praecipies,
605 2120 669 2173 esto
683 2112 795 2189 brevis,
815 2122 845 2173 ut
856 2116 913 2173 oito
924 2114 999 2175 diota

249 2195 411 2273 Percipient
421 2196 504 2255 aninni
520 2194 632 2254 dooiles
644 2204 816 2273 teneantque
826 2196 940 2257 fideles:

251 2278 341 2339 Omne
352 2295 560 2356 superuacuum
571 2276 658 2355 pleno
669 2277 706 2337 de
718 2287 837 2355 peotore
849 2290 951 2342 manat.

249 2360 330 2422 Ficta
340 2361 495 2439 voluptatis
510 2378 595 2421 onusa
607 2362 662 2420 sint
673 2362 800 2439 proxima
814 2364 921 2439 veris,-

119 2444 123 2451 ’
249 2443 312 2506 Neo
330 2444 522 2525 quodeunque
533 2443 630 2544 volet,
648 2453 749 2523 poseat
760 2446 814 2505 sibi
825 2445 919 2507 iuhuia
935 2428 1024 2527 orodi,

167 2530 230 2597 340
251 2528 315 2590 Non
326 2546 450 2609 pransae
460 2528 612 2590 Lamne'
583 2546 679 2588 vrvnm
691 2546 809 2607 puerum
815 2531 948 2592 extrahat
958 2531 1035 2593 alno.

250 2612 401 2674 Centuriae
412 2616 555 2674 seniorum
565 2614 673 2691 agitant
683 2616 810 2691 expertia
822 2613 923 2693 frugis,

249 2695 327 2757 Celsi
337 2706 518 2774 praetereunt
531 2706 644 2757 austere
656 2704 787 2775 poemata
798 2697 953 2759 Rhunnes:

250 2781 340 2843 Omne
352 2780 415 2841 tulit
424 2790 574 2859 punctam,
591 2783 640 2859 qni
652 2783 764 2841 misouit
775 2782 845 2842 utile
856 2781 942 2859 dulei,

248 2864 397 2925 Leotorenn
407 2864 577 2925 delectando
588 2866 751 2943 pariterque
762 2865 913 2926 monendo.
1029 2912 1035 2923 ,

130 2972 136 2983 ·
165 2950 228 3014 346
249 2947 303 3007 ilio
312 2958 405 3008 meret
414 2966 480 3008 aera
490 2949 564 3009 liner
577 2948 687 3024 Sosiis,
707 2948 754 3009 irio
765 2957 881 3009 otmaro
895 2952 992 3010 transit

248 3029 903 3109 littongurnnotororiptoriprorogataevun.
937 3044 939 3047 ’

242 3114 320 3174 Sunt
330 3112 434 3172 deliota
444 3122 553 3190 utnon,
568 3114 673 3192 quibus
683 3115 831 3192 ignovisse
844 3117 977 3178 velimus:
1049 3177 1057 3183 ,
1105 3144 1111 3149 ·

248 3195 320 3259 Nanr
334 3213 429 3275 neque
446 3196 552 3258 oiorda
568 3214 668 3271 sonum
687 3197 795 3275 reddit,
815 3218 899 3278 quern
918 3201 976 3262 vult
991 3200 1089 3261 danus
1109 3212 1140 3263 et

769 3301 860 3360 mens,
