2525 3942
75 229 219 306 roan]
459 230 466 236 ·
517 223 637 306 unsa.

477 398 656 472 oomx's.

401 527 458 577 ao
489 499 773 578 impurum,¹

191 637 280 714 Petti,
299 624 441 713 nibilme,
459 639 533 695 sicut
546 630 645 713 autea,
658 639 734 696 iuvat

218 720 372 781 Scribere
383 719 544 780 versiculos
556 737 652 780 amore
665 728 831 799 percussum
845 719 936 798 gravi,

191 805 313 884 Amore,
328 805 375 882 qui
387 822 432 863 me
444 812 559 881 praeter
569 821 668 864 omnes
682 806 790 880 expetit

236 887 392 948 Mollibus
384 907 411 947 m
423 889 528 966 pocris
531 896 578 948 aut
591 877 619 946 iu
630 885 734 964 puellis
746 904 867 948 urere.

192 971 245 1032 lira
256 973 355 1033 tertius
366 970 546 1048 December
560 989 597 1030 ex
611 987 669 1049 quo
687 970 781 1030 destiti
1034 968 1053 1032 5

236 1053 351 1115 Inachia
364 1056 474 1131 lurore,
493 1054 572 1114 silvis
586 1055 723 1114 honorem
734 1039 850 1113 decutit.

192 1139 255 1200 Heu
266 1156 328 1215 me,
342 1156 394 1217 per
403 1139 532 1199 Urbem·
522 1157 607 1198 -uam
618 1137 705 1216 pudet
716 1139 784 1198 tanti
796 1137 885 1196 mali·

159 1222 164 1227 '
236 1222 343 1284 Fabula
355 1231 457 1301 panta
468 1222 523 1282 lui!
541 1221 743 1282 Conviviorum
755 1229 783 1280 ot
799 1223 938 1300 poenitet,

191 1305 224 1367 In
238 1308 301 1386 quis
312 1313 450 1367 amantem
466 1306 587 1384 languor
597 1315 627 1365 et
640 1305 781 1366 silentium
1108 1376 1111 1388 Λ

237 1390 340 1468 llrguit
355 1397 384 1449 et
394 1389 484 1449 latere
495 1392 601 1468 potitus
613 1392 671 1450 imo
687 1389 813 1470 spiritus.
1016 1387 1055 1450 10

78 1484 89 1550 ,“
193 1473 362 1552 „Contrane
376 1471 485 1533 lucrum
498 1472 538 1532 ml
548 1472 645 1532 valere
661 1471 809 1531 candidum
854 1491 857 1496 ·
1010 1482 1013 1490 ·

239 1556 375 1635 Pauperis
387 1552 583 1634 ἰιιςιιιίιιιιιῗιι
587 1555 727 1634 querebar
737 1553 890 1633 applorans
901 1553 983 1630 tibi,

193 1639 282 1701 Simul
294 1637 413 1700 calentis
424 1639 633 1699 inverecundus
645 1638 740 1704 deus

131 1716 134 1725 ¹
187 1756 189 1763 ι
238 1722 406 1784 Ferardrore
417 1740 497 1783 mero
512 1740 613 1784 arcana
624 1730 768 1800 promorat
782 1719 859 1780 loco.

192 1805 340 1885 „Quod'
314 1825 340 1867 su
350 1808 423 1866 meis
434 1808 575 1867 inaestuet
590 1803 766 1885 praecordiis
1017 1803 1054 1864 15

131 1918 136 1923 =
238 1889 364 1968 „Lrbera
376 1889 459 1966 bdus
472 1899 502 1950 ut
513 1891 587 1950 haec
598 1893 707 1968 ingrata
718 1888 811 1949 ventus
824 1881 929 1949 dividat
987 1915 990 1922 ·

193 1973 353 2052 „Fomenta
365 1973 467 2034 vulnus
478 1973 518 2034 nil
528 1973 630 2034 malum
643 1971 776 2048 levantia,

154 2070 156 2079 ’
239 2058 383 2136 „Desinet
396 2059 551 2137 imparibus
563 2066 674 2118 certare
686 2065 841 2137 summotus
853 2054 980 2134 pudor.“

165 2175 172 2188 ι
192 2141 247 2202 Ubi
258 2143 331 2203 haec
342 2159 461 2202 severus
472 2152 502 2202 te
513 2141 606 2220 palam
618 2140 809 2216 laudaveram,
1122 2206 1125 2215 ,

238 2224 337 2286 Iussus
348 2225 427 2286 ubire
439 2226 569 2302 domum,
583 2224 699 2290 ferebar
712 2226 820 2296 incerto
833 2221 908 2301 podo
979 2289 980 2292 ,
1013 2223 1055 2287 to

191 2309 235 2368 Ad
246 2306 302 2369 nou
313 2310 420 2370 amicos
435 2310 492 2371 heu
507 2311 686 2388 milnipoatos
702 2315 730 2369 et
740 2309 797 2368 heu

237 2392 343 2453 limina
356 2393 443 2471 dura,
457 2395 560 2472 quibus
571 2393 684 2453 lumbos
697 2401 725 2452 et
736 2392 838 2470 infregi
850 2390 933 2450 latus.

142 2468 145 2480 ¹
192 2476 273 2537 Nunc
284 2475 432 2554 gloriantis
448 2475 601 2554 quamlibet
616 2474 809 2535 mulierculam

237 2559 361 2619 Vincere
371 2558 489 2618 mollitia
501 2575 580 2619 umor
589 2557 703 2633 lycisci
714 2575 760 2617 me
771 2565 859 2632 tenet,

191 2642 274 2704 Unde
287 2639 423 2720 expedire
435 2657 492 2701 nou
506 2643 661 2701 amicorum
673 2649 776 2718 queant
906 2662 910 2673 ·
1013 2639 1054 2704 26

235 2724 336 2784 Libera
348 2724 467 2784 consilia
480 2741 535 2784 uec
547 2723 735 2784 contumeliae
745 2739 859 2800 graves,

191 2808 249 2868 Sed
260 2807 332 2869 alius
343 2807 430 2871 ardor
444 2817 492 2868 aut
504 2807 617 2887 puellae
629 2807 765 2868 candidae

208 2962 211 2967 r
236 2891 293 2952 Aut
301 2894 403 2952 teretis
414 2895 496 2970 pueri
508 2892 622 2970 longam
633 2890 795 2952 renodantis
808 2907 927 2952 comam.

580 3012 591 3051 Ι
