2525 3942
117 212 264 318 'ponrnp
331 209 334 220 ’
548 241 666 300 crena.
771 235 779 250 ·

489 439 591 496 ΜΕ
605 440 727 496 xvn.

360 548 408 600 AD
429 547 608 601 CANIDIAM
627 509 868 604 venementi,

272 714 276 721 Ι
509 663 705 716 nonarius.
784 651 788 658 '

248 727 308 788 lam
322 730 377 788 iurn
388 727 499 788 efficaci
512 727 548 786 dc
563 745 661 787 manus
674 729 822 805 scientiae,
851 761 861 778 ι

250 811 380 890 Supplex
393 820 423 872 et
434 829 485 872 ero
500 830 589 890 regua
599 829 652 890 per
663 810 862 889 Proserpinae,

248 896 303 957 Per
313 905 342 956 et
350 894 459 957 Dianae
471 913 528 956 uun
536 895 679 955 movenda
693 897 815 971 numina,

248 980 303 1042 Per
313 990 399 1059 atque
409 978 498 1042 liltros
510 981 662 1040 carruinum
674 979 840 1038 valentium.

248 1065 348 1126 llelrxu
359 1064 443 1126 coelo
459 1062 601 1125 devocare
616 1061 721 1138 sidera,
819 1132 824 1139 ,

249 1148 380 1226 Canidia,
397 1166 483 1227 parce
496 1149 617 1208 vocibus
628 1144 740 1206 tandem
752 1146 840 1206 sacris
888 1145 896 1150 “

220 1265 223 1269 ,
250 1232 487 1311 citumqueretrc
500 1230 599 1306 solve,
617 1229 699 1289 eclve
709 1228 863 1290 turbinem!

185 1336 192 1340 ·
247 1315 338 1376 Movit
347 1325 480 1393 nepotem
492 1315 637 1394 Telephus
648 1311 794 1392 Neretum,

151 1444 153 1447 v
246 1399 278 1459 lu
290 1417 375 1478 quern
384 1399 523 1476 superbus
535 1399 676 1459 ordinarat
690 1401 801 1477 agmina

245 1482 392 1558 Mysorum
407 1483 475 1540 etin
487 1500 571 1559 quem
584 1481 641 1541 tela
652 1492 734 1542 acuta
746 1492 877 1552 turserat.
1048 1491 1093 1555 10

246 1566 361 1626 Unxere
375 1573 480 1624 matres
494 1564 564 1623 Iliae
577 1563 718 1623 addictum
731 1564 800 1623 feris

245 1647 369 1707 Alitibus
380 1656 466 1724 atque
477 1647 594 1706 cunibus
605 1646 774 1706 homicidam
785 1647 949 1726 Hectorem,

134 1731 138 1735 ’
246 1730 399 1810 Postquam
409 1729 517 1789 relictis
528 1729 678 1789 moenibus
689 1747 741 1789 rex
751 1731 874 1807 procidit

246 1815 309 1875 Heu
320 1815 480 1893 pervicacis
492 1813 527 1873 ad
539 1812 629 1895 pedes
640 1810 772 1872 Achillei.

247 1900 350 1958 Setcsa
361 1897 438 1957 duris
453 1915 558 1957 exurere
570 1895 707 1974 pellibus*

245 1982 393 2043 laboriosi
404 1983 528 2059 remiges
539 1980 633 2041 Ulixei

135 2096 138 2101 ·
245 2066 368 2126 Velente
379 2063 463 2126 Circa
474 2066 612 2141 membra,
625 2073 692 2124 tuuc
706 2080 785 2124 niens
798 2073 826 2124 ct
836 2081 923 2125 eunus

244 2150 387 2228 Relapeue
394 2158 483 2238 atque
501 2157 584 2208 nctus
596 2150 626 2209 in
636 2147 729 2208 vultus
742 2149 844 2210 honor.

242 2232 318 2294 Dedi
331 2235 399 2294 satie
413 2250 558 2312 superque
569 2249 724 2311 poenarum
735 2233 796 2308 tibi,
1092 2293 1110 2312 Ι,

243 2317 443 2378 Amatauautie
457 2317 810 2378 multumetinstitcribue.
1045 2321 1090 2383 20

243 2399 328 2479 Fugit
338 2402 468 2460 iuuentae
481 2409 509 2459 et
519 2399 699 2459 verecundus
714 2399 796 2459 color
883 2416 895 2428 ·

242 2484 370 2561 Reliquit
381 2499 447 2541 ossa
459 2479 535 2558 pelle
547 2483 648 2541 amicta
659 2481 759 2556 lurida,

243 2564 312 2624 'luis
327 2564 446 2641 capillus
458 2563 539 2622 albus
550 2572 594 2620 eet
605 2562 752 2637 odoribus,

243 2646 358 2706 Nullum
369 2646 403 2705 ab
415 2643 514 2704 labore
525 2662 570 2701 rnc
582 2645 701 2702 reclinat
712 2645 813 2712 otium;

243 2729 334 2806 Urget
345 2726 420 2786 diem
429 2742 487 2786 nox
497 2735 526 2784 et
536 2725 598 2784 (lies
608 2735 844 2804 noctem,neque
858 2737 902 2787 eet
1043 2732 1083 2794 25

242 2810 549 2887 Levarctcntaepiritu
560 2809 737 2887 praecordia.
1055 2817 1062 2827 ’

240 2896 320 2974 Ergo
335 2903 469 2972 negatum
479 2894 580 2953 uincor
589 2902 620 2952 ut
631 2893 744 2954 credam
754 2893 851 2971 miser,

242 2978 357 3041 Sabella
368 2986 469 3056 pectus
481 2977 630 3055 inerepare
642 2979 764 3037 carmina

243 3063 393 3142 caputque
402 3060 496 3121 llursa
509 3059 632 3120 dissilire
643 3063 735 3121 nenia.

243 3146 319 3221 Quin
330 3145 450 3223 amplius
463 3140 530 3203 risi
543 3143 568 3204 0
579 3162 657 3204 mare
670 3154 699 3204 et
710 3154 802 3221 terra,
819 3143 918 3223 ardeo,
1040 3149 1083 3211 30

242 3229 383 3304 Quantum
396 3246 492 3306 neque
501 3232 563 3287 atre
573 3227 716 3288 delibutus
727 3227 867 3289 Hercules

241 3315 327 3375 Nessi
340 3329 458 3389 cruere,
469 3328 525 3371 nec
536 3311 639 3393 Sicana
651 3313 759 3372 fervida
886 3391 926 3442 9*
