2525 3942
187 250 250 312 ars
545 212 843 309 nursrounnurrx
1009 246 1165 322 rupuar]

210 404 253 466 20
271 399 412 479 Prodigus
424 409 453 459 et
463 399 567 460 stultus
577 398 663 459 donat
673 416 748 477 quae
760 399 869 477 speruit
880 405 909 456 at
920 396 996 456 odit:
1041 396 1046 402 ’

271 484 350 545 llaec
364 500 453 561 seges
463 485 590 560 ingratos
601 482 665 542 tulit
680 490 709 541 et
722 481 797 542 ieret
808 480 937 541 omnibus
950 482 1040 541 aunis.

175 634 187 649 s
270 567 424 628 virbonus
436 576 465 628 et
477 567 593 645 sapiens
607 565 702 644 dignis
713 567 753 626 ait
764 583 831 625 csse
843 572 967 642 paratus,

271 649 335 711 Nec
345 659 437 710 umen
448 653 560 730 ignorat
570 650 638 729 quid
649 649 754 709 distent
765 666 830 709 aera
845 647 958 725 lupinis.

270 734 394 812 Dignum
406 734 558 812 praestabo
570 735 712 796 messiam
724 748 775 810 pro
787 730 869 792 laude
880 730 1025 789 merentis.

210 814 249 876 25
272 816 382 890 Quodsi
393 834 439 875 me
450 816 532 877 noles
543 834 663 897 usquam
674 814 841 891 discedere,
860 812 963 874 reddes

270 899 358 959 Forte
368 899 455 975 latus,
471 904 570 978 nigros
581 899 804 977 angustaironte
816 896 946 976 capillos,
1079 947 1082 955 .

270 982 386 1043 Reddas
400 982 483 1041 dulce
494 983 589 1062 loqui,
603 983 707 1042 reddes
722 982 817 1042 ridere
828 982 963 1041 decorum
977 987 1006 1039 ct

271 1064 347 1125 luter
360 1068 425 1124 vina
437 1066 533 1143 lugam
545 1066 665 1127 Cinarae
675 1083 803 1125 maerere
814 1074 975 1142 protervae.
1046 1122 1051 1130 Ι

270 1146 357 1208 Forte
367 1164 420 1224 per
432 1156 579 1225 angustam
594 1151 687 1208 tenuis
698 1147 851 1225 vulpecula
865 1150 962 1207 rimam

208 1232 250 1294 ³0
269 1230 412 1308 Repuerat
427 1232 454 1289 iu
466 1248 607 1292 cumeram
619 1232 769 1307 frumenti,
785 1238 923 1309 pastaque
934 1246 1032 1289 suasus

269 1311 405 1376 lreioras
421 1313 652 1391 plenotcndelrat
664 1315 919 1391 corporelrustra·;
945 1374 946 1381 χ
1051 1334 1056 1341 ·

270 1395 323 1457 Cui
334 1396 454 1457 mustela
467 1398 567 1474 procul
577 1398 633 1475 „si
644 1400 713 1457 vis“
723 1400 762 1458 ait
776 1398 928 1474 „elingere
939 1396 1034 1472 istinc,

269 1478 389 1552 „lisera
400 1497 499 1540 cavum
509 1491 628 1560 repetes
640 1489 744 1558 artum,
761 1499 844 1561 quern
858 1498 950 1540 macra
962 1478 1099 1539 subisti.“

165 1591 167 1598 ·
269 1562 328 1623 llae
345 1579 402 1640 ego
413 1566 438 1622 si
450 1564 608 1641 compellor
617 1566 755 1642 imagine,
773 1574 872 1624 cuneta
887 1565 1017 1641 resigno:

73 1632 77 1641 ¹
97 1637 135 1717 ¹,
206 1648 247 1709 85
269 1645 332 1707 Nee
343 1664 470 1705 somnum
484 1647 577 1725 plebis
589 1648 674 1709 laudo
685 1656 761 1708 satur
772 1647 905 1724 altilium,
920 1662 975 1706 nee

270 1727 334 1789 Otia
345 1727 450 1789 divitiis
461 1730 585 1796 Arabum
596 1732 738 1792 liberrima
748 1740 835 1793 muto.

269 1812 364 1889 Saepe
374 1812 566 1874 uerecundum
578 1815 714 1893 laudasti,
727 1832 834 1895 rexque
847 1823 983 1892 paterque

228 1962 234 1967 ,
268 1894 379 1955 Audisti
391 1912 501 1974 eoram,
518 1916 573 1959 nee
583 1900 674 1958 verbo
686 1901 799 1976 parcius
815 1900 934 1957 absens·

268 1976 393 2057 lnspiec,
411 1983 435 2040 si
450 1997 568 2057 possum
581 1981 684 2043 donata
695 1998 836 2061 reponere
848 1981 949 2041 laetus.

205 2062 249 2126 lo
268 2060 349 2121 Haud
359 2062 432 2123 male
444 2062 649 2141 Telemachus,
667 2065 764 2143 proles
777 2066 907 2142 patientis
918 2061 1027 2123 Ulixei:
1255 2056 1257 2149 l

268 2144 357 2222 „Non
368 2155 413 2206 est
423 2156 505 2225 aptus
518 2151 600 2226 equis
611 2147 720 2209 lthaee*
738 2146 835 2222 loeus,
848 2153 882 2208 ut
892 2163 986 2224 neque
998 2146 1089 2224 planis
1126 2165 1130 2178 ¹

131 2278 138 2293 „
267 2227 443 2317 „Porrectus
454 2232 553 2306 spatiis
564 2247 619 2289 neo
629 2231 733 2291 multae
744 2230 882 2307 prodigus
894 2229 1000 2289 herbae
1007 2251 1015 2298 ;

265 2309 1013 2469 llllaltiolloflillil‘iillll‘i,
1255 2276 1257 2427 l

205 2477 244 2540 lo
267 2469 324 2535 Sed
336 2492 456 2535 vacuum
470 2474 558 2537 Tibur
571 2478 667 2555 placet
678 2488 725 2539 aut
739 2414 1024 2539 imbelleegur'entum:

130 2627 137 2637 ,
266 2558 404 2619 suenrus
415 2568 444 2619 et
455 2560 535 2621 fortis
548 2564 701 2642 causisque
712 2557 859 2641 Philippus
868 2558 989 2640 agendis

267 2640 383 2720 Clarus,
400 2643 435 2704 ab
448 2644 552 2705 officiis
564 2656 692 2706 octavam
704 2648 817 2706 circiter
830 2646 927 2707 horam

265 2725 979 2807 DumredltatqueForcnimiumdistarecarinas
1111 2786 1118 2797 ,
1253 2692 1256 2833 1

264 2808 323 2869 lam
334 2811 448 2888 grandis
459 2821 525 2873 natu
537 2815 680 2892 queritur,
700 2814 866 2891 conspexit,
882 2821 913 2871 ut
923 2813 1010 2887 aiunt,

203 2892 244 2953 50
265 2892 403 2955 Abrasum
415 2895 554 2973 mendam
565 2913 655 2956 vacua
666 2898 790 2956 tonsoris
802 2898 830 2953 in
842 2894 939 2953 umbra

266 2974 389 3035 Cultelle
404 2980 536 3055 proprios
548 2986 714 3055 purgantem
726 2977 828 3037 leniter
838 2994 960 3054 ungues.
1045 2994 1057 3017 ·-

264 3056 457 3200 aloarii
471 3091 482 3103 ·
496 3058 1039 3204 ru'luloslnlllls-
1094 3147 1101 3162 -

201 3254 241 3366 n
264 3157 1033 3372 stillula’ulrrln‘nrulssn¹¹²⁰·“'

294 3349 303 3382 r
541 3354 550 3386 s
955 3354 964 3387 s
1005 3336 1009 3349 ¹
1077 3372 1080 3383 ,
