2525 3942
182 240 245 307 ato
312 185 321 199 ’
538 240 818 333 κνιετοιωυκ,
986 238 1160 321 [umero]

267 390 339 454 cum
350 393 440 454 semel
451 395 566 471 accepit
575 392 674 453 Solem
684 390 850 453 furibundus
861 386 993 451 acutium?

263 474 319 545 Est
328 478 377 537 ubi
388 477 504 537 diuellat
514 493 631 536 somnos
642 478 733 536 miuus
747 472 842 535 iuuida
854 469 942 533 cura?

264 558 400 621 Deterius
410 559 524 636 Libycis
536 559 594 619 olet
606 568 653 620 aut
663 562 733 619 uitet
746 557 834 619 herba
844 552 969 634 lapillisl

203 642 244 707 20
264 639 365 703 Purior
375 645 405 703 iu
418 645 491 703 vicis
502 662 575 722 aqua
585 643 675 703 teudit
686 658 818 719 rumpere
829 638 984 717 plumbum,

265 724 356 799 Quam
372 745 446 805 quae
457 742 511 803 per
521 743 640 805 prouum
650 724 773 803 trepidat
787 741 850 783 cum
861 739 1000 782 murmuro
1012 720 1126 783 rivumt

265 808 377 887 Nempe
388 811 562 870 intorvarias
575 812 695 870 nutritur
705 808 776 869 silva
787 806 942 881 columnas,
959 862 961 873 ,

140 929 144 936 1
264 889 460 971 Laudaturque
472 892 589 968 domus,
602 892 707 970 longos
721 910 794 972 quae
805 891 944 968 prospicit
954 904 1062 971 agros,

130 993 142 1009 ·
264 973 397 1036 Naturam
408 975 747 1054 expellaslurca,tameu
759 990 851 1051 usqua
861 982 998 1053 recurret,
1098 1043 1105 1051 ¹

202 1060 241 1123 25
263 1056 382 1138 Etmala
396 1066 559 1136 perrumpet
570 1058 664 1118 lurtirn
675 1056 907 1117 lastidiavictrix.

263 1140 345 1217 Nou,
359 1143 407 1219 qui
419 1141 536 1201 Sidonio
546 1141 725 1200 contendero
739 1139 857 1199 callidus
868 1147 946 1198 ostro

263 1222 363 1283 Nescit
372 1224 543 1302 Aquinatem
555 1226 682 1301 potantia
692 1221 800 1282 ve'lloro
812 1222 918 1297 lucum,

223 1366 228 1373 ,
264 1303 376 1366 (lortius
387 1308 511 1385 accipiat
522 1305 651 1367 damnum
661 1308 817 1385 propiusve
827 1304 968 1382 medullis,

173 1402 182 1426 ‘
263 1388 354 1462 Quam
365 1391 414 1468 qui
425 1392 598 1468 uoupoterit
608 1407 679 1450 uero
691 1390 866 1467 distinguere
877 1387 987 1448 falsum.

199 1474 242 1537 30
263 1471 356 1545 Quem
366 1491 413 1533 res
426 1472 489 1551 plus
500 1476 587 1534 uimio
599 1473 782 1533 delectavere
793 1471 947 1548 secundae,

261 1553 385 1616 blut'utae
398 1558 532 1635 quatient.
555 1557 666 1635 Siquid
680 1556 837 1632 mirabere,
848 1559 940 1634 podes

262 1638 379 1699 luvitus.
401 1638 482 1719 Fuge
493 1657 608 1719 magua:
623 1640 693 1701 licet
706 1640 758 1700 sub
770 1637 895 1719 paupere
906 1647 983 1699 teoto
1020 1662 1026 1673 ’

261 1721 361 1801 Reges
372 1732 401 1783 et
410 1742 510 1802 regum
520 1726 578 1784 uita
589 1741 775 1803 praecurrere
786 1724 903 1806 amicos.

263 1804 373 1866 Cervus
384 1825 488 1886 equum
499 1824 594 1886 puqua
608 1807 710 1867 melior
722 1807 915 1867 communibus
926 1804 1022 1867 herbis

140 1891 143 1899 '
162 1954 171 1966 ⁸
199 1893 239 1957 85
262 1885 402 1966 Pellebat,
418 1890 510 1949 donec
524 1893 615 1950 minor
626 1892 655 1950 iu
667 1892 819 1951 certamine
831 1888 920 1968 longo
941 1886 944 1895 ’

175 1993 186 2002 ‘
261 1970 425 2051 imploravit
435 1989 508 2051 opes
524 1974 646 2035 bominis
661 1974 828 2051 frenumque
839 1972 966 2049 recepit;
1026 2038 1028 2047 Α
1101 1998 1104 2005 ·

261 2055 320 2116 Sed
332 2065 484 2135 postquam
497 2059 590 2117 uictor
600 2056 712 2117 violeus
726 2055 859 2117 discessit
870 2056 904 2116 ab
919 2054 1013 2132 hoste,

259 2136 325 2197 Nou
336 2141 460 2215 equitem
471 2139 575 2214 dorso,
588 2156 646 2198 uon
656 2140 766 2200 lreuum
778 2138 886 2216 depulit
898 2132 958 2200 orel

261 2219 326 2296 Sic,
342 2223 390 2297 qui
406 2223 570 2298 pauperiem
580 2223 688 2281 veritus
700 2223 812 2299 potiore
824 2220 945 2279 metallis

64 2319 68 2328 ’
197 2305 240 2368 40
259 2300 402 2362 libertate
412 2311 507 2379 caret,
523 2302 664 2386 domiuum
674 2302 752 2361 vehit
769 2303 914 2380 improbus
929 2310 1018 2385 atque

260 2385 372 2445 Serviet
382 2392 541 2462 aeteruum,
558 2387 623 2464 quia
635 2403 722 2463 parvo
736 2386 846 2444 nesciet
857 2386 906 2444 uti.
987 2430 992 2439 .

260 2465 313 2528 cui
324 2483 381 2531 uou
394 2470 543 2529 conveniet
554 2488 605 2529 sua
616 2487 681 2547 ros,
693 2479 723 2530 ut
734 2468 849 2529 calceus
862 2466 940 2544 olim,
958 2515 964 2521 .

260 2552 291 2611 Si
307 2550 382 2631 pcde
393 2554 482 2613 maior
493 2553 563 2631 erit,
580 2554 742 2630 subvertet,
764 2553 788 2613 si
801 2553 907 2629 minor,
920 2560 992 2611 uret.

252 2632 362 2697 dactus
377 2645 456 2697 sorte
466 2643 513 2696 tua
523 2639 604 2697 vives
614 2638 774 2715 sapienter,
790 2634 890 2711 Aristi,

196 2720 238 2783 45
260 2719 322 2780 Nec
335 2738 380 2779 me
393 2720 516 2781 dimittes
527 2721 737 2800 incastigatum,
753 2720 801 2780 ubi
817 2718 897 2798 plura

259 2801 390 2881 Cogere,
409 2822 493 2882 quam
504 2808 573 2865 satis
584 2813 643 2881 est,
660 2823 694 2865 ac
705 2821 761 2864 uou
772 2820 889 2863 cessare
900 2800 1027 2863 uidebor.

258 2886 382 2965 hpcrat
393 2896 441 2945 aut
452 2889 540 2947 servit
552 2886 675 2953 collecta
687 2887 808 2964 pecunia
819 2887 934 2963 cuique,

259 2967 373 3029 Tortum
384 2968 469 3046 digua
484 2972 566 3047 sequi
578 2972 673 3046 potius
685 2986 767 3045 quam
778 2966 884 3027 ducere
895 2967 1001 3027 lunam.

258 3049 337 3108 llaec
347 3050 397 3109 tibi
409 3050 548 3111 dictabam
561 3060 627 3128 post
638 3050 731 3109 lanum
742 3057 825 3127 putre
835 3048 980 3127 Vacunae,

197 3134 238 3196 50
259 3130 390 3209 Excepto
402 3132 641 3210 quoduonsimul
653 3149 751 3209 esses,
768 3132 976 3193 oeteralaetus.
996 3131 999 3137 '
