<?xml version="1.0" encoding="UTF-8"?>
<!DOCTYPE html PUBLIC "-//W3C//DTD XHTML 1.0 Transitional//EN"
    "http://www.w3.org/TR/xhtml1/DTD/xhtml1-transitional.dtd">
<html xmlns="http://www.w3.org/1999/xhtml" xml:lang="en" lang="en">
 <head>
  <title>
</title>
<meta http-equiv="Content-Type" content="text/html;charset=utf-8" />
  <meta name='ocr-system' content='tesseract 3.04.00' />
  <meta name='ocr-capabilities' content='ocr_page ocr_carea ocr_par ocr_line ocrx_word'/>
</head>
<body>
  <div class='ocr_page' id='page_1' title='image "./qhoratiiflaccio02schmgoog_0284.png"; bbox 0 0 2525 3942; ppageno 0'>
   <div class='ocr_carea' id='block_1_1' title="bbox 198 156 1171 293">
    <p class='ocr_par' dir='ltr' id='par_1_1' title="bbox 198 156 1171 293">
     <span class='ocr_line' id='line_1_1' title="bbox 198 156 1171 293; baseline 0 -20"><span class='ocrx_word' id='word_1_1' title='bbox 198 208 261 273; x_wconf 78' lang='lat' dir='ltr'><strong>aaa</strong></span> <span class='ocrx_word' id='word_1_2' title='bbox 423 281 428 285; x_wconf 8' lang='grc' dir='ltr'><strong>ᾗ</strong></span> <span class='ocrx_word' id='word_1_3' title='bbox 548 209 810 273; x_wconf 75' lang='lat' dir='ltr'><strong>msromnuu</strong></span> <span class='ocrx_word' id='word_1_4' title='bbox 904 156 1097 292; x_wconf 28' lang='lat' dir='ltr'><strong>strupra,</strong></span> <span class='ocrx_word' id='word_1_5' title='bbox 1112 216 1171 293; x_wconf 78' lang='grc' dir='ltr'><strong>ιι]</strong></span> 
     </span>
    </p>
   </div>
   <div class='ocr_carea' id='block_1_2' title="bbox 106 360 1259 3267">
    <p class='ocr_par' dir='ltr' id='par_1_2' title="bbox 221 360 983 439">
     <span class='ocr_line' id='line_1_2' title="bbox 221 360 983 439; baseline -0.007 -12"><span class='ocrx_word' id='word_1_6' title='bbox 221 369 261 427; x_wconf 89' lang='grc'><strong>10</strong></span> <span class='ocrx_word' id='word_1_7' title='bbox 282 362 360 423; x_wconf 82' lang='lat' dir='ltr'><strong>Rure</strong></span> <span class='ocrx_word' id='word_1_8' title='bbox 372 379 428 439; x_wconf 69' lang='lat' dir='ltr'><strong>ego</strong></span> <span class='ocrx_word' id='word_1_9' title='bbox 439 365 597 438; x_wconf 84' lang='lat' dir='ltr'><strong>viventem,</strong></span> <span class='ocrx_word' id='word_1_10' title='bbox 613 370 643 421; x_wconf 94' lang='lat' dir='ltr'><strong>tu</strong></span> <span class='ocrx_word' id='word_1_11' title='bbox 655 360 727 419; x_wconf 91' lang='lat' dir='ltr'><strong>dicis</strong></span> <span class='ocrx_word' id='word_1_12' title='bbox 738 363 766 420; x_wconf 87' lang='lat' dir='ltr'><strong>iu</strong></span> <span class='ocrx_word' id='word_1_13' title='bbox 777 363 847 425; x_wconf 89' lang='lat' dir='ltr'><strong>urbe</strong></span> <span class='ocrx_word' id='word_1_14' title='bbox 858 362 983 425; x_wconf 84' lang='lat' dir='ltr'><strong>beatum:</strong></span> 
     </span>
    </p>

    <p class='ocr_par' dir='ltr' id='par_1_3' title="bbox 283 443 1069 770">
     <span class='ocr_line' id='line_1_3' title="bbox 284 443 1012 524; baseline -0.004 -17"><span class='ocrx_word' id='word_1_15' title='bbox 284 443 337 507; x_wconf 78' lang='lat' dir='ltr'><strong>Oui</strong></span> <span class='ocrx_word' id='word_1_16' title='bbox 349 444 444 524; x_wconf 88' lang='lat' dir='ltr'><strong>placet</strong></span> <span class='ocrx_word' id='word_1_17' title='bbox 453 445 583 520; x_wconf 86' lang='lat' dir='ltr'><strong>alterius,</strong></span> <span class='ocrx_word' id='word_1_18' title='bbox 604 462 655 503; x_wconf 92' lang='lat' dir='ltr'><strong>sua</strong></span> <span class='ocrx_word' id='word_1_19' title='bbox 665 446 792 503; x_wconf 88' lang='lat' dir='ltr'><strong>nimirum</strong></span> <span class='ocrx_word' id='word_1_20' title='bbox 804 453 849 504; x_wconf 85' lang='lat' dir='ltr'><strong>est</strong></span> <span class='ocrx_word' id='word_1_21' title='bbox 860 443 926 504; x_wconf 86' lang='lat' dir='ltr'><strong>odio</strong></span> <span class='ocrx_word' id='word_1_22' title='bbox 937 462 1012 505; x_wconf 89' lang='lat' dir='ltr'><strong>sors.</strong></span> 
     </span>
     <span class='ocr_line' id='line_1_4' title="bbox 284 527 1069 608; baseline -0.001 -19"><span class='ocrx_word' id='word_1_23' title='bbox 284 528 392 589; x_wconf 87' lang='lat' dir='ltr'><strong>Stultus</strong></span> <span class='ocrx_word' id='word_1_24' title='bbox 403 538 522 608; x_wconf 83' lang='lat' dir='ltr'><strong>uterquc</strong></span> <span class='ocrx_word' id='word_1_25' title='bbox 533 527 628 587; x_wconf 87' lang='lat' dir='ltr'><strong>locum</strong></span> <span class='ocrx_word' id='word_1_26' title='bbox 639 528 804 586; x_wconf 86' lang='lat' dir='ltr'><strong>immeritum</strong></span> <span class='ocrx_word' id='word_1_27' title='bbox 816 536 946 587; x_wconf 80' lang='lat' dir='ltr'><strong>causatur</strong></span> <span class='ocrx_word' id='word_1_28' title='bbox 955 530 1069 606; x_wconf 89' lang='lat' dir='ltr'><strong>inique:</strong></span> 
     </span>
     <span class='ocr_line' id='line_1_5' title="bbox 283 608 1031 690; baseline -0.003 -18"><span class='ocrx_word' id='word_1_29' title='bbox 283 610 315 672; x_wconf 93' lang='lat' dir='ltr'><strong>ln</strong></span> <span class='ocrx_word' id='word_1_30' title='bbox 328 610 411 690; x_wconf 88' lang='lat' dir='ltr'><strong>eulpa</strong></span> <span class='ocrx_word' id='word_1_31' title='bbox 423 612 604 686; x_wconf 69' lang='lat' dir='ltr'><strong>enauimus,</strong></span> <span class='ocrx_word' id='word_1_32' title='bbox 620 611 669 688; x_wconf 92' lang='lat' dir='ltr'><strong>qui</strong></span> <span class='ocrx_word' id='word_1_33' title='bbox 680 627 713 669; x_wconf 87' lang='lat' dir='ltr'><strong>se</strong></span> <span class='ocrx_word' id='word_1_34' title='bbox 724 624 780 669; x_wconf 90' lang='lat' dir='ltr'><strong>uon</strong></span> <span class='ocrx_word' id='word_1_35' title='bbox 791 608 890 687; x_wconf 82' lang='lat' dir='ltr'><strong>elingit</strong></span> <span class='ocrx_word' id='word_1_36' title='bbox 901 628 1031 689; x_wconf 83' lang='lat' dir='ltr'><strong>unquam.</strong></span> 
     </span>
     <span class='ocr_line' id='line_1_6' title="bbox 284 692 992 770; baseline -0.003 -17"><span class='ocrx_word' id='word_1_37' title='bbox 284 692 326 753; x_wconf 81' lang='lat' dir='ltr'><strong>Tu</strong></span> <span class='ocrx_word' id='word_1_38' title='bbox 337 692 520 754; x_wconf 85' lang='lat' dir='ltr'><strong>mediastinus</strong></span> <span class='ocrx_word' id='word_1_39' title='bbox 531 694 616 755; x_wconf 86' lang='lat' dir='ltr'><strong>tacita</strong></span> <span class='ocrx_word' id='word_1_40' title='bbox 627 709 716 770; x_wconf 86' lang='lat' dir='ltr'><strong>prece</strong></span> <span class='ocrx_word' id='word_1_41' title='bbox 727 710 791 753; x_wconf 89' lang='lat' dir='ltr'><strong>rura</strong></span> <span class='ocrx_word' id='word_1_42' title='bbox 802 692 932 770; x_wconf 78' lang='lat' dir='ltr'><strong>petebas,</strong></span> <span class='ocrx_word' id='word_1_43' title='bbox 988 740 992 751; x_wconf 40' lang='lat' dir='ltr'><em>f</em></span> 
     </span>
    </p>

    <p class='ocr_par' dir='ltr' id='par_1_4' title="bbox 221 774 1158 1187">
     <span class='ocr_line' id='line_1_7' title="bbox 221 774 989 853; baseline -0.003 -15"><span class='ocrx_word' id='word_1_44' title='bbox 221 778 261 840; x_wconf 76' lang='lat'><strong>15</strong></span> <span class='ocrx_word' id='word_1_45' title='bbox 281 774 364 837; x_wconf 88' lang='lat' dir='ltr'><strong>Nune</strong></span> <span class='ocrx_word' id='word_1_46' title='bbox 378 776 476 837; x_wconf 91' lang='lat' dir='ltr'><strong>urbem</strong></span> <span class='ocrx_word' id='word_1_47' title='bbox 487 784 516 835; x_wconf 87' lang='lat' dir='ltr'><strong>et</strong></span> <span class='ocrx_word' id='word_1_48' title='bbox 526 775 609 835; x_wconf 89' lang='lat' dir='ltr'><strong>ludos</strong></span> <span class='ocrx_word' id='word_1_49' title='bbox 621 783 650 834; x_wconf 85' lang='lat' dir='ltr'><strong>ct</strong></span> <span class='ocrx_word' id='word_1_50' title='bbox 660 774 760 835; x_wconf 89' lang='lat' dir='ltr'><strong>balnea</strong></span> <span class='ocrx_word' id='word_1_51' title='bbox 770 774 882 834; x_wconf 78' lang='lat' dir='ltr'><strong>villicus</strong></span> <span class='ocrx_word' id='word_1_52' title='bbox 894 785 989 853; x_wconf 87' lang='lat' dir='ltr'><strong>optas;</strong></span> 
     </span>
     <span class='ocr_line' id='line_1_8' title="bbox 270 857 950 934; baseline 0.003 -19"><span class='ocrx_word' id='word_1_53' title='bbox 270 859 331 920; x_wconf 61' lang='lat' dir='ltr'><strong>⁴lle</strong></span> <span class='ocrx_word' id='word_1_54' title='bbox 342 869 474 919; x_wconf 79' lang='lat' dir='ltr'><strong>constare</strong></span> <span class='ocrx_word' id='word_1_55' title='bbox 484 860 551 918; x_wconf 86' lang='lat' dir='ltr'><strong>milri</strong></span> <span class='ocrx_word' id='word_1_56' title='bbox 562 860 621 918; x_wconf 87' lang='lat' dir='ltr'><strong>scis</strong></span> <span class='ocrx_word' id='word_1_57' title='bbox 633 867 661 917; x_wconf 85' lang='lat' dir='ltr'><strong>et</strong></span> <span class='ocrx_word' id='word_1_58' title='bbox 672 857 821 917; x_wconf 80' lang='lat' dir='ltr'><strong>discedere</strong></span> <span class='ocrx_word' id='word_1_59' title='bbox 832 860 950 934; x_wconf 87' lang='lat' dir='ltr'><strong>tristem,</strong></span> 
     </span>
     <span class='ocr_line' id='line_1_9' title="bbox 285 940 999 1020; baseline -0.003 -18"><span class='ocrx_word' id='word_1_60' title='bbox 285 940 517 1020; x_wconf 81' lang='lat' dir='ltr'><strong>Quandocumque</strong></span> <span class='ocrx_word' id='word_1_61' title='bbox 526 942 638 1003; x_wconf 85' lang='lat' dir='ltr'><strong>trahunt</strong></span> <span class='ocrx_word' id='word_1_62' title='bbox 648 942 736 1000; x_wconf 90' lang='lat' dir='ltr'><strong>invisa</strong></span> <span class='ocrx_word' id='word_1_63' title='bbox 746 944 861 1017; x_wconf 83' lang='lat' dir='ltr'><strong>negotia</strong></span> <span class='ocrx_word' id='word_1_64' title='bbox 872 941 999 1000; x_wconf 85' lang='lat' dir='ltr'><strong>Romam</strong></span> 
     </span>
     <span class='ocr_line' id='line_1_10' title="bbox 282 1022 939 1093; baseline -0.008 -7"><span class='ocrx_word' id='word_1_65' title='bbox 282 1025 348 1086; x_wconf 88' lang='lat' dir='ltr'><strong>Nou</strong></span> <span class='ocrx_word' id='word_1_66' title='bbox 360 1025 460 1085; x_wconf 88' lang='lat' dir='ltr'><strong>eadem</strong></span> <span class='ocrx_word' id='word_1_67' title='bbox 471 1026 614 1093; x_wconf 87' lang='lat' dir='ltr'><strong>miramur;</strong></span> <span class='ocrx_word' id='word_1_68' title='bbox 631 1040 666 1083; x_wconf 94' lang='lat' dir='ltr'><strong>eo</strong></span> <span class='ocrx_word' id='word_1_69' title='bbox 679 1022 874 1083; x_wconf 78' lang='lat' dir='ltr'><strong>disconvenit</strong></span> <span class='ocrx_word' id='word_1_70' title='bbox 866 1032 939 1084; x_wconf 85' lang='lat' dir='ltr'><strong>vnter</strong></span> 
     </span>
     <span class='ocr_line' id='line_1_11' title="bbox 284 1104 1158 1194; baseline 0 -27"><span class='ocrx_word' id='word_1_71' title='bbox 284 1107 389 1187; x_wconf 81' lang='lat' dir='ltr'><strong>licque</strong></span> <span class='ocrx_word' id='word_1_72' title='bbox 401 1116 429 1167; x_wconf 91' lang='lat' dir='ltr'><strong>et</strong></span> <span class='ocrx_word' id='word_1_73' title='bbox 442 1116 486 1167; x_wconf 87' lang='lat' dir='ltr'><strong>tc:</strong></span> <span class='ocrx_word' id='word_1_74' title='bbox 502 1125 581 1182; x_wconf 82' lang='lat' dir='ltr'><strong>nam,</strong></span> <span class='ocrx_word' id='word_1_75' title='bbox 606 1124 682 1194; x_wconf 88' lang='lat' dir='ltr'><strong>quae</strong></span> <span class='ocrx_word' id='word_1_76' title='bbox 690 1104 802 1165; x_wconf 88' lang='lat' dir='ltr'><strong>deserta</strong></span> <span class='ocrx_word' id='word_1_77' title='bbox 814 1115 843 1165; x_wconf 85' lang='lat' dir='ltr'><strong>et</strong></span> <span class='ocrx_word' id='word_1_78' title='bbox 853 1107 994 1183; x_wconf 80' lang='lat' dir='ltr'><strong>inhospita</strong></span> <span class='ocrx_word' id='word_1_79' title='bbox 1004 1115 1105 1185; x_wconf 88' lang='lat' dir='ltr'><strong>tesqua</strong></span> <span class='ocrx_word' id='word_1_80' title='bbox 1151 1104 1158 1115; x_wconf 87' lang='grc'><strong><em>’</em></strong></span> 
     </span>
    </p>

    <p class='ocr_par' dir='ltr' id='par_1_5' title="bbox 221 1188 1081 1515">
     <span class='ocr_line' id='line_1_12' title="bbox 221 1188 1043 1267; baseline -0.006 -14"><span class='ocrx_word' id='word_1_81' title='bbox 221 1192 263 1254; x_wconf 84' lang='grc'><strong>20</strong></span> <span class='ocrx_word' id='word_1_82' title='bbox 284 1188 400 1266; x_wconf 84' lang='lat' dir='ltr'><strong>Credis,</strong></span> <span class='ocrx_word' id='word_1_83' title='bbox 417 1206 534 1249; x_wconf 86' lang='lat' dir='ltr'><strong>amoena</strong></span> <span class='ocrx_word' id='word_1_84' title='bbox 544 1197 630 1248; x_wconf 88' lang='lat' dir='ltr'><strong>vocat</strong></span> <span class='ocrx_word' id='word_1_85' title='bbox 640 1205 750 1247; x_wconf 88' lang='lat' dir='ltr'><strong>mecum</strong></span> <span class='ocrx_word' id='word_1_86' title='bbox 763 1207 811 1267; x_wconf 87' lang='lat' dir='ltr'><strong>qur</strong></span> <span class='ocrx_word' id='word_1_87' title='bbox 823 1191 922 1265; x_wconf 77' lang='lat' dir='ltr'><strong>sentit</strong></span> <span class='ocrx_word' id='word_1_88' title='bbox 944 1197 973 1247; x_wconf 90' lang='lat' dir='ltr'><strong>et</strong></span> <span class='ocrx_word' id='word_1_89' title='bbox 984 1190 1043 1248; x_wconf 85' lang='lat' dir='ltr'><strong>odut</strong></span> 
     </span>
     <span class='ocr_line' id='line_1_13' title="bbox 284 1270 1081 1350; baseline 0.003 -19"><span class='ocrx_word' id='word_1_90' title='bbox 284 1272 365 1346; x_wconf 83' lang='lat' dir='ltr'><strong>Quae</strong></span> <span class='ocrx_word' id='word_1_91' title='bbox 376 1281 405 1332; x_wconf 89' lang='lat' dir='ltr'><strong>tu</strong></span> <span class='ocrx_word' id='word_1_92' title='bbox 421 1271 537 1349; x_wconf 86' lang='lat' dir='ltr'><strong>pulchra</strong></span> <span class='ocrx_word' id='word_1_93' title='bbox 552 1280 643 1348; x_wconf 87' lang='lat' dir='ltr'><strong>putas.</strong></span> <span class='ocrx_word' id='word_1_94' title='bbox 666 1270 830 1331; x_wconf 76' lang='lat' dir='ltr'><strong>llomixtibi</strong></span> <span class='ocrx_word' id='word_1_95' title='bbox 842 1281 870 1333; x_wconf 90' lang='lat' dir='ltr'><strong>ct</strong></span> <span class='ocrx_word' id='word_1_96' title='bbox 883 1280 965 1331; x_wconf 87' lang='lat' dir='ltr'><strong>uncta</strong></span> <span class='ocrx_word' id='word_1_97' title='bbox 975 1274 1081 1350; x_wconf 90' lang='lat' dir='ltr'><strong>popina</strong></span> 
     </span>
     <span class='ocr_line' id='line_1_14' title="bbox 283 1353 1049 1434; baseline -0.003 -19"><span class='ocrx_word' id='word_1_98' title='bbox 283 1354 424 1415; x_wconf 87' lang='lat' dir='ltr'><strong>lucutiuut</strong></span> <span class='ocrx_word' id='word_1_99' title='bbox 433 1355 510 1414; x_wconf 89' lang='lat' dir='ltr'><strong>urbis</strong></span> <span class='ocrx_word' id='word_1_100' title='bbox 524 1353 712 1431; x_wconf 89' lang='lat' dir='ltr'><strong>desiderium,</strong></span> <span class='ocrx_word' id='word_1_101' title='bbox 727 1354 830 1431; x_wconf 83' lang='lat' dir='ltr'><strong>video,</strong></span> <span class='ocrx_word' id='word_1_102' title='bbox 848 1364 877 1415; x_wconf 89' lang='lat' dir='ltr'><strong>et</strong></span> <span class='ocrx_word' id='word_1_103' title='bbox 889 1353 965 1434; x_wconf 85' lang='lat' dir='ltr'><strong>qnod</strong></span> <span class='ocrx_word' id='word_1_104' title='bbox 1046 1366 1049 1379; x_wconf 83' lang='lat'><strong><em>¹</em></strong></span> 
     </span>
     <span class='ocr_line' id='line_1_15' title="bbox 285 1436 942 1515; baseline -0.002 -17"><span class='ocrx_word' id='word_1_105' title='bbox 285 1437 413 1515; x_wconf 73' lang='lat' dir='ltr'><strong>Augulus</strong></span> <span class='ocrx_word' id='word_1_106' title='bbox 423 1439 478 1496; x_wconf 89' lang='lat' dir='ltr'><strong>iste</strong></span> <span class='ocrx_word' id='word_1_107' title='bbox 490 1436 563 1497; x_wconf 86' lang='lat' dir='ltr'><strong>ieret</strong></span> <span class='ocrx_word' id='word_1_108' title='bbox 575 1439 659 1515; x_wconf 87' lang='lat' dir='ltr'><strong>piper</strong></span> <span class='ocrx_word' id='word_1_109' title='bbox 670 1446 698 1497; x_wconf 87' lang='lat' dir='ltr'><strong>et</strong></span> <span class='ocrx_word' id='word_1_110' title='bbox 708 1438 772 1502; x_wconf 87' lang='lat' dir='ltr'><strong>thus</strong></span> <span class='ocrx_word' id='word_1_111' title='bbox 784 1440 866 1497; x_wconf 87' lang='lat' dir='ltr'><strong>ocius</strong></span> <span class='ocrx_word' id='word_1_112' title='bbox 878 1456 942 1514; x_wconf 87' lang='lat' dir='ltr'><strong>uva,</strong></span> 
     </span>
    </p>

    <p class='ocr_par' dir='ltr' id='par_1_6' title="bbox 284 1518 944 1600">
     <span class='ocr_line' id='line_1_16' title="bbox 284 1518 944 1600; baseline 0 -20"><span class='ocrx_word' id='word_1_113' title='bbox 284 1518 346 1581; x_wconf 89' lang='lat' dir='ltr'><strong>Nee</strong></span> <span class='ocrx_word' id='word_1_114' title='bbox 359 1522 453 1580; x_wconf 91' lang='lat' dir='ltr'><strong>vicina</strong></span> <span class='ocrx_word' id='word_1_115' title='bbox 464 1520 563 1579; x_wconf 87' lang='lat' dir='ltr'><strong>subest</strong></span> <span class='ocrx_word' id='word_1_116' title='bbox 571 1522 665 1579; x_wconf 89' lang='lat' dir='ltr'><strong>vinum</strong></span> <span class='ocrx_word' id='word_1_117' title='bbox 677 1522 815 1600; x_wconf 88' lang='lat' dir='ltr'><strong>praebere</strong></span> <span class='ocrx_word' id='word_1_118' title='bbox 829 1520 944 1581; x_wconf 77' lang='lat' dir='ltr'><strong>taberna</strong></span> 
     </span>
    </p>

    <p class='ocr_par' dir='ltr' id='par_1_7' title="bbox 106 1602 1063 1847">
     <span class='ocr_line' id='line_1_17' title="bbox 106 1602 999 1681; baseline -0.006 -15"><span class='ocrx_word' id='word_1_119' title='bbox 106 1649 114 1656; x_wconf 72' lang='grc'><strong>-</strong></span> <span class='ocrx_word' id='word_1_120' title='bbox 221 1604 261 1667; x_wconf 80' lang='lat'><strong>26</strong></span> <span class='ocrx_word' id='word_1_121' title='bbox 285 1602 366 1677; x_wconf 78' lang='lat' dir='ltr'><strong>Quae</strong></span> <span class='ocrx_word' id='word_1_122' title='bbox 377 1605 470 1681; x_wconf 84' lang='lat' dir='ltr'><strong>possit</strong></span> <span class='ocrx_word' id='word_1_123' title='bbox 478 1603 545 1679; x_wconf 88' lang='lat' dir='ltr'><strong>tibi,</strong></span> <span class='ocrx_word' id='word_1_124' title='bbox 563 1619 618 1662; x_wconf 88' lang='lat' dir='ltr'><strong>neo</strong></span> <span class='ocrx_word' id='word_1_125' title='bbox 631 1606 764 1663; x_wconf 87' lang='lat' dir='ltr'><strong>meretrix</strong></span> <span class='ocrx_word' id='word_1_126' title='bbox 773 1604 903 1681; x_wconf 87' lang='lat' dir='ltr'><strong>tibicina,</strong></span> <span class='ocrx_word' id='word_1_127' title='bbox 919 1604 999 1663; x_wconf 89' lang='lat' dir='ltr'><strong>ouius</strong></span> 
     </span>
     <span class='ocr_line' id='line_1_18' title="bbox 283 1684 1063 1765; baseline -0.001 -19"><span class='ocrx_word' id='word_1_128' title='bbox 283 1685 329 1746; x_wconf 77' lang='lat' dir='ltr'><strong>Ad</strong></span> <span class='ocrx_word' id='word_1_129' title='bbox 342 1688 489 1764; x_wconf 77' lang='lat' dir='ltr'><strong>strepitum</strong></span> <span class='ocrx_word' id='word_1_130' title='bbox 504 1684 588 1746; x_wconf 87' lang='lat' dir='ltr'><strong>salias</strong></span> <span class='ocrx_word' id='word_1_131' title='bbox 598 1694 692 1746; x_wconf 86' lang='lat' dir='ltr'><strong>terrae</strong></span> <span class='ocrx_word' id='word_1_132' title='bbox 702 1688 812 1764; x_wconf 78' lang='lat' dir='ltr'><strong>gravis:</strong></span> <span class='ocrx_word' id='word_1_133' title='bbox 831 1696 962 1747; x_wconf 85' lang='lat' dir='ltr'><strong>ettamen</strong></span> <span class='ocrx_word' id='word_1_134' title='bbox 977 1703 1063 1765; x_wconf 83' lang='lat' dir='ltr'><strong>urges</strong></span> 
     </span>
     <span class='ocr_line' id='line_1_19' title="bbox 284 1768 1031 1847; baseline 0 -19"><span class='ocrx_word' id='word_1_135' title='bbox 284 1768 451 1847; x_wconf 82' lang='lat' dir='ltr'><strong>Iampridem</strong></span> <span class='ocrx_word' id='word_1_136' title='bbox 463 1784 519 1829; x_wconf 92' lang='lat' dir='ltr'><strong>non</strong></span> <span class='ocrx_word' id='word_1_137' title='bbox 529 1777 603 1829; x_wconf 89' lang='lat' dir='ltr'><strong>tacta</strong></span> <span class='ocrx_word' id='word_1_138' title='bbox 614 1768 757 1847; x_wconf 80' lang='lat' dir='ltr'><strong>ligonibus</strong></span> <span class='ocrx_word' id='word_1_139' title='bbox 769 1788 851 1845; x_wconf 85' lang='lat' dir='ltr'><strong>arva,</strong></span> <span class='ocrx_word' id='word_1_140' title='bbox 867 1770 1031 1847; x_wconf 84' lang='lat' dir='ltr'><strong>bovemque</strong></span> 
     </span>
    </p>

    <p class='ocr_par' dir='ltr' id='par_1_8' title="bbox 219 1849 1003 2013">
     <span class='ocr_line' id='line_1_20' title="bbox 219 1849 1003 1931; baseline -0.003 -19"><span class='ocrx_word' id='word_1_141' title='bbox 219 1902 226 1921; x_wconf 82' lang='lat'><em>.</em></span> <span class='ocrx_word' id='word_1_142' title='bbox 284 1852 462 1913; x_wconf 89' lang='lat' dir='ltr'><strong>Disiunctnm</strong></span> <span class='ocrx_word' id='word_1_143' title='bbox 473 1869 556 1912; x_wconf 89' lang='lat' dir='ltr'><strong>curas</strong></span> <span class='ocrx_word' id='word_1_144' title='bbox 569 1861 598 1911; x_wconf 86' lang='lat' dir='ltr'><strong>ct</strong></span> <span class='ocrx_word' id='word_1_145' title='bbox 611 1854 717 1912; x_wconf 89' lang='lat' dir='ltr'><strong>strictis</strong></span> <span class='ocrx_word' id='word_1_146' title='bbox 729 1852 875 1912; x_wconf 83' lang='lat' dir='ltr'><strong>frondibus</strong></span> <span class='ocrx_word' id='word_1_147' title='bbox 887 1849 1003 1931; x_wconf 77' lang='lat' dir='ltr'><strong>exples3</strong></span> 
     </span>
     <span class='ocr_line' id='line_1_21' title="bbox 284 1934 922 2013; baseline 0 -19"><span class='ocrx_word' id='word_1_148' title='bbox 284 1934 370 1995; x_wconf 80' lang='lat' dir='ltr'><strong>nouit</strong></span> <span class='ocrx_word' id='word_1_149' title='bbox 380 1952 454 2013; x_wconf 88' lang='lat' dir='ltr'><strong>opus</strong></span> <span class='ocrx_word' id='word_1_150' title='bbox 465 1936 548 2013; x_wconf 76' lang='lat' dir='ltr'><strong>pigro</strong></span> <span class='ocrx_word' id='word_1_151' title='bbox 559 1936 659 2011; x_wconf 59' lang='lat' dir='ltr'><strong>rivus„</strong></span> <span class='ocrx_word' id='word_1_152' title='bbox 671 1938 696 1995; x_wconf 90' lang='lat' dir='ltr'><strong>si</strong></span> <span class='ocrx_word' id='word_1_153' title='bbox 709 1935 813 1995; x_wconf 85' lang='lat' dir='ltr'><strong>decidit</strong></span> <span class='ocrx_word' id='word_1_154' title='bbox 823 1935 922 2011; x_wconf 78' lang='lat' dir='ltr'><strong>imber,</strong></span> 
     </span>
    </p>

    <p class='ocr_par' dir='ltr' id='par_1_9' title="bbox 222 2015 1259 2263">
     <span class='ocr_line' id='line_1_22' title="bbox 222 2015 1259 2150; baseline -0.005 -68"><span class='ocrx_word' id='word_1_155' title='bbox 222 2019 264 2082; x_wconf 78' lang='lat'><strong>30</strong></span> <span class='ocrx_word' id='word_1_156' title='bbox 284 2016 371 2079; x_wconf 80' lang='lat' dir='ltr'><strong>llulta</strong></span> <span class='ocrx_word' id='word_1_157' title='bbox 384 2018 459 2078; x_wconf 89' lang='lat' dir='ltr'><strong>mole</strong></span> <span class='ocrx_word' id='word_1_158' title='bbox 470 2016 614 2079; x_wconf 87' lang='lat' dir='ltr'><strong>docendus</strong></span> <span class='ocrx_word' id='word_1_159' title='bbox 625 2021 724 2096; x_wconf 89' lang='lat' dir='ltr'><strong>aprico</strong></span> <span class='ocrx_word' id='word_1_160' title='bbox 736 2036 854 2097; x_wconf 87' lang='lat' dir='ltr'><strong>parcere</strong></span> <span class='ocrx_word' id='word_1_161' title='bbox 865 2026 956 2096; x_wconf 84' lang='lat' dir='ltr'><strong>prato.</strong></span> <span class='ocrx_word' id='word_1_162' title='bbox 1257 2015 1259 2150; x_wconf 66' lang='grc'>1</span> 
     </span>
     <span class='ocr_line' id='line_1_23' title="bbox 285 2099 1068 2179; baseline 0 -18"><span class='ocrx_word' id='word_1_163' title='bbox 285 2099 366 2161; x_wconf 89' lang='lat' dir='ltr'><strong>Nunc</strong></span> <span class='ocrx_word' id='word_1_164' title='bbox 378 2119 449 2178; x_wconf 79' lang='lat' dir='ltr'><strong>nge</strong></span> <span class='ocrx_word' id='word_1_165' title='bbox 465 2099 532 2179; x_wconf 83' lang='lat' dir='ltr'><strong>quud</strong></span> <span class='ocrx_word' id='word_1_166' title='bbox 543 2108 668 2161; x_wconf 89' lang='lat' dir='ltr'><strong>nostrum</strong></span> <span class='ocrx_word' id='word_1_167' title='bbox 680 2110 847 2162; x_wconf 87' lang='lat' dir='ltr'><strong>concentum</strong></span> <span class='ocrx_word' id='word_1_168' title='bbox 858 2101 978 2177; x_wconf 79' lang='lat' dir='ltr'><strong>dividat</strong></span> <span class='ocrx_word' id='word_1_169' title='bbox 995 2101 1068 2162; x_wconf 92' lang='lat' dir='ltr'><strong>audi.</strong></span> 
     </span>
     <span class='ocr_line' id='line_1_24' title="bbox 285 2182 988 2263; baseline 0.004 -22"><span class='ocrx_word' id='word_1_170' title='bbox 285 2182 376 2255; x_wconf 84' lang='lat' dir='ltr'><strong>Quem</strong></span> <span class='ocrx_word' id='word_1_171' title='bbox 390 2192 491 2245; x_wconf 88' lang='lat' dir='ltr'><strong>tenues</strong></span> <span class='ocrx_word' id='word_1_172' title='bbox 504 2182 626 2242; x_wconf 90' lang='lat' dir='ltr'><strong>decuere</strong></span> <span class='ocrx_word' id='word_1_173' title='bbox 636 2192 723 2261; x_wconf 76' lang='lat' dir='ltr'><strong>togae</strong></span> <span class='ocrx_word' id='word_1_174' title='bbox 734 2184 870 2263; x_wconf 85' lang='lat' dir='ltr'><strong>nitidique</strong></span> <span class='ocrx_word' id='word_1_175' title='bbox 883 2184 988 2262; x_wconf 87' lang='lat' dir='ltr'><strong>capilli,</strong></span> 
     </span>
    </p>

    <p class='ocr_par' dir='ltr' id='par_1_10' title="bbox 285 2259 1259 2430">
     <span class='ocr_line' id='line_1_25' title="bbox 286 2259 1104 2345; baseline 0.002 -22"><span class='ocrx_word' id='word_1_176' title='bbox 286 2259 377 2338; x_wconf 83' lang='lat' dir='ltr'><strong>Quem</strong></span> <span class='ocrx_word' id='word_1_177' title='bbox 388 2282 445 2324; x_wconf 83' lang='lat' dir='ltr'><strong>scus</strong></span> <span class='ocrx_word' id='word_1_178' title='bbox 459 2266 607 2324; x_wconf 87' lang='lat' dir='ltr'><strong>immunem</strong></span> <span class='ocrx_word' id='word_1_179' title='bbox 618 2263 737 2325; x_wconf 77' lang='lat' dir='ltr'><strong>Cinarae</strong></span> <span class='ocrx_word' id='word_1_180' title='bbox 748 2266 891 2344; x_wconf 78' lang='lat' dir='ltr'><strong>placuisse</strong></span> <span class='ocrx_word' id='word_1_181' title='bbox 901 2269 1008 2345; x_wconf 87' lang='lat' dir='ltr'><strong>vapaer</strong></span> <span class='ocrx_word' id='word_1_182' title='bbox 1102 2310 1104 2313; x_wconf 85' lang='lat'>-</span> 
     </span>
     <span class='ocr_line' id='line_1_26' title="bbox 285 2286 1259 2430; baseline 0.005 -24"><span class='ocrx_word' id='word_1_183' title='bbox 285 2346 377 2420; x_wconf 83' lang='lat' dir='ltr'><strong>Quem</strong></span> <span class='ocrx_word' id='word_1_184' title='bbox 386 2346 511 2407; x_wconf 91' lang='lat' dir='ltr'><strong>bibulum</strong></span> <span class='ocrx_word' id='word_1_185' title='bbox 517 2346 621 2430; x_wconf 86' lang='lat' dir='ltr'><strong>liquidi</strong></span> <span class='ocrx_word' id='word_1_186' title='bbox 635 2348 724 2407; x_wconf 90' lang='lat' dir='ltr'><strong>media</strong></span> <span class='ocrx_word' id='word_1_187' title='bbox 737 2349 773 2421; x_wconf 87' lang='lat' dir='ltr'><strong>de</strong></span> <span class='ocrx_word' id='word_1_188' title='bbox 784 2348 849 2408; x_wconf 88' lang='lat' dir='ltr'><strong>luce</strong></span> <span class='ocrx_word' id='word_1_189' title='bbox 859 2347 981 2425; x_wconf 83' lang='lat' dir='ltr'><strong>Falerni,</strong></span> <span class='ocrx_word' id='word_1_190' title='bbox 1256 2286 1259 2419; x_wconf 52' lang='grc' dir='ltr'>ι</span> 
     </span>
    </p>

    <p class='ocr_par' dir='ltr' id='par_1_11' title="bbox 220 2428 1106 2591">
     <span class='ocr_line' id='line_1_27' title="bbox 220 2428 1106 2514; baseline 0.007 -22"><span class='ocrx_word' id='word_1_191' title='bbox 220 2431 263 2492; x_wconf 80' lang='grc'><strong>35</strong></span> <span class='ocrx_word' id='word_1_192' title='bbox 286 2428 384 2490; x_wconf 85' lang='lat' dir='ltr'><strong>Goena</strong></span> <span class='ocrx_word' id='word_1_193' title='bbox 397 2429 513 2490; x_wconf 87' lang='lat' dir='ltr'><strong>brevis&#39;</strong></span> <span class='ocrx_word' id='word_1_194' title='bbox 504 2440 580 2491; x_wconf 88' lang='lat' dir='ltr'><strong>ruvat</strong></span> <span class='ocrx_word' id='word_1_195' title='bbox 592 2440 620 2491; x_wconf 88' lang='lat' dir='ltr'><strong>et</strong></span> <span class='ocrx_word' id='word_1_196' title='bbox 635 2448 736 2510; x_wconf 90' lang='lat' dir='ltr'><strong>prope</strong></span> <span class='ocrx_word' id='word_1_197' title='bbox 739 2434 829 2493; x_wconf 88' lang='lat' dir='ltr'><strong>rivum</strong></span> <span class='ocrx_word' id='word_1_198' title='bbox 841 2450 956 2493; x_wconf 87' lang='lat' dir='ltr'><strong>somnus</strong></span> <span class='ocrx_word' id='word_1_199' title='bbox 966 2435 995 2494; x_wconf 92' lang='lat' dir='ltr'><strong>iu</strong></span> <span class='ocrx_word' id='word_1_200' title='bbox 1008 2436 1106 2514; x_wconf 83' lang='lat' dir='ltr'><strong>herba,</strong></span> 
     </span>
     <span class='ocr_line' id='line_1_28' title="bbox 285 2512 970 2591; baseline 0.003 -17"><span class='ocrx_word' id='word_1_201' title='bbox 285 2512 348 2574; x_wconf 84' lang='lat' dir='ltr'><strong>Neo</strong></span> <span class='ocrx_word' id='word_1_202' title='bbox 358 2512 462 2573; x_wconf 87' lang='lat' dir='ltr'><strong>lusrsse</strong></span> <span class='ocrx_word' id='word_1_203' title='bbox 473 2512 577 2591; x_wconf 91' lang='lat' dir='ltr'><strong>pudet</strong></span> <span class='ocrx_word' id='word_1_204' title='bbox 595 2515 647 2575; x_wconf 91' lang='lat' dir='ltr'><strong>sed</strong></span> <span class='ocrx_word' id='word_1_205' title='bbox 657 2532 714 2575; x_wconf 92' lang='lat' dir='ltr'><strong>nou</strong></span> <span class='ocrx_word' id='word_1_206' title='bbox 724 2515 850 2576; x_wconf 86' lang='lat' dir='ltr'><strong>mordere</strong></span> <span class='ocrx_word' id='word_1_207' title='bbox 866 2516 970 2577; x_wconf 87' lang='lat' dir='ltr'><strong>ludum.</strong></span> 
     </span>
    </p>

    <p class='ocr_par' dir='ltr' id='par_1_12' title="bbox 285 2595 1039 2844">
     <span class='ocr_line' id='line_1_29' title="bbox 285 2595 1039 2679; baseline 0.004 -21"><span class='ocrx_word' id='word_1_208' title='bbox 285 2595 369 2658; x_wconf 85' lang='lat' dir='ltr'><strong>Nou</strong></span> <span class='ocrx_word' id='word_1_209' title='bbox 359 2598 425 2657; x_wconf 77' lang='lat' dir='ltr'><strong>ustio</strong></span> <span class='ocrx_word' id='word_1_210' title='bbox 435 2597 553 2677; x_wconf 87' lang='lat' dir='ltr'><strong>obliquo</strong></span> <span class='ocrx_word' id='word_1_211' title='bbox 565 2599 650 2659; x_wconf 84' lang='lat' dir='ltr'><strong>oculo</strong></span> <span class='ocrx_word' id='word_1_212' title='bbox 661 2618 724 2660; x_wconf 90' lang='lat' dir='ltr'><strong>meu</strong></span> <span class='ocrx_word' id='word_1_213' title='bbox 735 2598 881 2660; x_wconf 88' lang='lat' dir='ltr'><strong>commodo</strong></span> <span class='ocrx_word' id='word_1_214' title='bbox 893 2602 1039 2679; x_wconf 87' lang='lat' dir='ltr'><strong>quisquam</strong></span> 
     </span>
     <span class='ocr_line' id='line_1_30' title="bbox 253 2674 983 2763; baseline 0 -22"><span class='ocrx_word' id='word_1_215' title='bbox 253 2674 388 2757; x_wconf 72' lang='lat' dir='ltr'><strong>limat,</strong></span> <span class='ocrx_word' id='word_1_216' title='bbox 402 2698 460 2743; x_wconf 91' lang='lat' dir='ltr'><strong>nou</strong></span> <span class='ocrx_word' id='word_1_217' title='bbox 471 2681 538 2741; x_wconf 85' lang='lat' dir='ltr'><strong>oduo</strong></span> <span class='ocrx_word' id='word_1_218' title='bbox 553 2684 676 2743; x_wconf 85' lang='lat' dir='ltr'><strong>obscuro</strong></span> <span class='ocrx_word' id='word_1_219' title='bbox 686 2700 839 2763; x_wconf 82' lang='lat' dir='ltr'><strong>morsuque</strong></span> <span class='ocrx_word' id='word_1_220' title='bbox 850 2690 983 2751; x_wconf 88' lang='lat' dir='ltr'><strong>venenat</strong></span> 
     </span>
     <span class='ocr_line' id='line_1_31' title="bbox 285 2763 893 2844; baseline 0.002 -20"><span class='ocrx_word' id='word_1_221' title='bbox 285 2763 482 2825; x_wconf 83' lang='lat' dir='ltr'><strong>Ridentvicini</strong></span> <span class='ocrx_word' id='word_1_222' title='bbox 497 2764 597 2844; x_wconf 79' lang='lat' dir='ltr'><strong>glebas</strong></span> <span class='ocrx_word' id='word_1_223' title='bbox 607 2776 637 2827; x_wconf 89' lang='lat' dir='ltr'><strong>et</strong></span> <span class='ocrx_word' id='word_1_224' title='bbox 647 2784 715 2827; x_wconf 86' lang='lat' dir='ltr'><strong>saxa</strong></span> <span class='ocrx_word' id='word_1_225' title='bbox 724 2774 893 2827; x_wconf 88' lang='lat' dir='ltr'><strong>moventem.</strong></span> 
     </span>
    </p>

    <p class='ocr_par' dir='ltr' id='par_1_13' title="bbox 222 2845 1001 3090">
     <span class='ocr_line' id='line_1_32' title="bbox 222 2845 892 2921; baseline -0.008 -12"><span class='ocrx_word' id='word_1_226' title='bbox 222 2845 264 2909; x_wconf 81' lang='lat'><strong>40</strong></span> <span class='ocrx_word' id='word_1_227' title='bbox 286 2845 356 2908; x_wconf 85' lang='lat' dir='ltr'><strong>Cum</strong></span> <span class='ocrx_word' id='word_1_228' title='bbox 366 2849 458 2908; x_wconf 87' lang='lat' dir='ltr'><strong>servis</strong></span> <span class='ocrx_word' id='word_1_229' title='bbox 468 2848 573 2909; x_wconf 88' lang='lat' dir='ltr'><strong>urbana</strong></span> <span class='ocrx_word' id='word_1_230' title='bbox 584 2847 669 2909; x_wconf 73' lang='lat' dir='ltr'><strong>davia</strong></span> <span class='ocrx_word' id='word_1_231' title='bbox 679 2848 781 2909; x_wconf 89' lang='lat' dir='ltr'><strong>rodere</strong></span> <span class='ocrx_word' id='word_1_232' title='bbox 793 2849 892 2921; x_wconf 89' lang='lat' dir='ltr'><strong>mavis,</strong></span> 
     </span>
     <span class='ocr_line' id='line_1_33' title="bbox 285 2928 1001 2997; baseline -0.004 -8"><span class='ocrx_word' id='word_1_233' title='bbox 285 2929 470 2990; x_wconf 88' lang='lat' dir='ltr'><strong>llorumturn</strong></span> <span class='ocrx_word' id='word_1_234' title='bbox 480 2947 623 2991; x_wconf 86' lang='lat' dir='ltr'><strong>numerum</strong></span> <span class='ocrx_word' id='word_1_235' title='bbox 638 2940 706 2990; x_wconf 89' lang='lat' dir='ltr'><strong>voto</strong></span> <span class='ocrx_word' id='word_1_236' title='bbox 717 2948 790 2997; x_wconf 88' lang='lat' dir='ltr'><strong>rurs</strong></span> <span class='ocrx_word' id='word_1_237' title='bbox 783 2928 911 2988; x_wconf 87' lang='lat' dir='ltr'><strong>ruvrdet</strong></span> <span class='ocrx_word' id='word_1_238' title='bbox 921 2946 1001 2987; x_wconf 85' lang='lat' dir='ltr'><strong>usum</strong></span> 
     </span>
     <span class='ocr_line' id='line_1_34' title="bbox 279 3010 997 3098; baseline 0 -28"><span class='ocrx_word' id='word_1_239' title='bbox 279 3010 437 3098; x_wconf 80' lang='lat' dir='ltr'><strong>lignorum</strong></span> <span class='ocrx_word' id='word_1_240' title='bbox 448 3021 476 3071; x_wconf 89' lang='lat' dir='ltr'><strong>et</strong></span> <span class='ocrx_word' id='word_1_241' title='bbox 488 3016 602 3090; x_wconf 83' lang='lat' dir='ltr'><strong>pecoris</strong></span> <span class='ocrx_word' id='word_1_242' title='bbox 611 3012 661 3072; x_wconf 87' lang='lat' dir='ltr'><strong>tibi</strong></span> <span class='ocrx_word' id='word_1_243' title='bbox 674 3012 737 3073; x_wconf 90' lang='lat' dir='ltr'><strong>calo</strong></span> <span class='ocrx_word' id='word_1_244' title='bbox 748 3021 863 3089; x_wconf 78' lang='lat' dir='ltr'><strong>argutus</strong></span> <span class='ocrx_word' id='word_1_245' title='bbox 874 3019 903 3071; x_wconf 87' lang='lat' dir='ltr'><strong>et</strong></span> <span class='ocrx_word' id='word_1_246' title='bbox 913 3011 997 3072; x_wconf 87' lang='lat' dir='ltr'><strong>horti.</strong></span> 
     </span>
    </p>

    <p class='ocr_par' dir='ltr' id='par_1_14' title="bbox 279 3090 1132 3267">
     <span class='ocr_line' id='line_1_35' title="bbox 279 3090 1042 3174; baseline 0.001 -21.011"><span class='ocrx_word' id='word_1_247' title='bbox 279 3090 371 3171; x_wconf 88' lang='lat' dir='ltr'><strong>Optat</strong></span> <span class='ocrx_word' id='word_1_248' title='bbox 385 3095 520 3172; x_wconf 86' lang='lat' dir='ltr'><strong>ephippia</strong></span> <span class='ocrx_word' id='word_1_249' title='bbox 530 3095 585 3154; x_wconf 93' lang='lat' dir='ltr'><strong>bos</strong></span> <span class='ocrx_word' id='word_1_250' title='bbox 599 3097 700 3173; x_wconf 83' lang='lat' dir='ltr'><strong>piger,</strong></span> <span class='ocrx_word' id='word_1_251' title='bbox 719 3103 796 3174; x_wconf 82' lang='lat' dir='ltr'><strong>optat</strong></span> <span class='ocrx_word' id='word_1_252' title='bbox 808 3112 888 3155; x_wconf 88' lang='lat' dir='ltr'><strong>arare</strong></span> <span class='ocrx_word' id='word_1_253' title='bbox 899 3092 1042 3163; x_wconf 86' lang='lat' dir='ltr'><strong>cabellus;</strong></span> 
     </span>
     <span class='ocr_line' id='line_1_36' title="bbox 288 3176 1142 3267; baseline 0.002 -30"><span class='ocrx_word' id='word_1_254' title='bbox 288 3176 592 3257; x_wconf 62' lang='lat' dir='ltr'><strong>linamentumque,</strong></span> <span class='ocrx_word' id='word_1_255' title='bbox 609 3178 719 3267; x_wconf 65' lang='lat' dir='ltr'><strong>ipone,</strong></span> <span class='ocrx_word' id='word_1_256' title='bbox 738 3179 882 3256; x_wconf 84' lang='lat' dir='ltr'><strong>censebo,</strong></span> <span class='ocrx_word' id='word_1_257' title='bbox 902 3185 1142 3240; x_wconf 85' lang='lat' dir='ltr'><strong>exorceatartem</strong></span> 
     </span>
    </p>
   </div>
   <div class='ocr_carea' id='block_1_3' title="bbox 615 3340 751 3350">
    <p class='ocr_par' dir='ltr' id='par_1_15' title="bbox 615 3340 751 3350">
     <span class='ocr_line' id='line_1_37' title="bbox 615 3340 751 3350; baseline 0.007 -2"><span class='ocrx_word' id='word_1_258' title='bbox 615 3340 751 3350; x_wconf 75' lang='lat'><em>--—---</em></span> 
     </span>
    </p>
   </div>
   <div class='ocr_carea' id='block_1_4' title="bbox 0 0 1271 3942">
    <p class='ocr_par' dir='ltr' id='par_1_16' title="bbox 0 0 1271 3942">
     <span class='ocr_line' id='line_1_38' title="bbox 0 0 1271 3942; baseline 0 0"><span class='ocrx_word' id='word_1_259' title='bbox 0 0 1271 3942; x_wconf 95' lang='lat' dir='ltr'><strong> </strong></span> 
     </span>
    </p>
   </div>
  </div>
 </body>
</html>
