2525 3942
157 187 206 252 x‘n
342 247 345 258 ,
455 199 503 246 nn
524 198 674 248 vinear
695 170 895 284 samoris·
968 229 974 246 .

156 365 184 418 in
201 319 300 416 satiris
313 355 365 432 (11,
380 361 414 426 3,
428 353 495 432 308)
516 357 680 418 describitur
700 362 727 412 ei
745 357 780 410 ab
803 357 931 428 Augusto·
942 357 996 412 bac
1022 359 1149 427 epistola.-
1245 406 1246 413 ,

157 441 287 500 “Retulit
300 442 340 498 acl
361 456 404 496 me
416 441 567 512 Dionysius
588 441 704 497 libellum
722 446 812 505 tuum,
837 455 917 512 quam
931 455 994 512 ego,
1019 446 1051 495 ut
1065 456 1150 496 accu-

155 532 277 593 santem,
293 525 548 598 quantulascunque
565 528 609 591 es]
626 524 690 579 boui
701 525 822 580 εοιιιιιιο.
872 523 970 580 Vereri
979 529 1070 578 autem
1085 523 1152 578 mibi

155 611 269 678 videris,
290 623 326 664 ue
339 610 458 663 maiores
472 608 552 662 libelli
570 609 613 663 tui
621 610 690 675 sint,
710 624 795 679 quam
807 609 866 677 ipse
880 622 919 664 es.
968 607 1025 663 Sed
1039 607 1085 662 tibi
1095 613 1150 662 sta·
1246 646 1247 673 ,

125 747 127 756 ,
156 694 327 761 iuratust,
348 693 542 768 corpusculum
565 707 621 746 mon
645 692 728 746 deest.
766 689 864 784 Itaque
883 691 989 756 licebit,
1007 693 1037 745 in
1055 696 1149 746 scata-
1240 692 1247 766 ,’

156 779 223 834 riola
237 776 357 845 scribas,
378 780 409 830 ut
423 777 553 830 circuitus
567 776 707 832 uoluminis
727 776 767 828 tui
779 776 816 829 sit
834 760 1062 848 boeotiorum,
1082 776 1151 829 sieut

156 860 351 916 estaentrieuli
369 857 449 913 tui”.
492 859 541 912 itis
565 858 624 913 iere
646 857 829 926 conveniunt,
852 874 923 928 quae
940 865 1022 931 potita
1037 859 1099 929 ipse
1116 858 1150 912 da

156 959 188 998 se
203 949 305 999 narrat
343 942 418 998 Dicit
430 957 505 998 enim
519 941 653 1012 Epist,
623 927 635 995 1
665 947 715 1006 10,
730 944 811 996 lise
828 937 1103 1034 eorporisexigui'
1123 947 1151 994 et

53 1067 60 1078 .
156 1027 243 1098 Epist.
259 1026 283 1094 1,
299 1031 326 1094 4,
343 1021 405 1083 15
414 1041 545 1096 pinguem
560 1030 588 1078 et
601 1024 716 1080 nitidum
733 1024 806 1078 bene
821 1032 916 1080 curata
932 1023 1030 1094 euta'‚
1053 1024 1150 1079 iocose

156 1110 261 1164 addens
288 1105 418 1179 ‘Epicuri
440 1107 474 1162 ds
496 1120 584 1177 grege
608 1101 751 1179 porcum'.
802 1107 949 1163 Iuvenis
942 1107 1062 1177 insignis
1090 1113 1152 1162 erat

157 1190 292 1260 ‘'angusta
309 1191 400 1246 ironts
423 1190 567 1262 nigrisque
585 1189 714 1262 capillis'
735 1187 881 1264 (Epist,
858 1191 869 1244 1
896 1195 923 1260 7,
938 1186 1003 1264 76),
1026 1191 1077 1246 sed
1093 1207 1151 1246 ma-

156 1281 217 1329 ture
237 1273 445 1329 albescentibus
467 1270 534 1347 (Od.
550 1273 739 1343 111,14,24,
758 1289 832 1343 quae
854 1275 959 1346 scripta
975 1280 1063 1329 esta
1081 1290 1107 1328 u.
1124 1289 1149 1327 o.

156 1358 269 1416 779111
285 1357 366 1412 initio
382 1351 559 1430 sequentis),
566 1357 650 1412 unde
664 1356 792 1428 Epistrl,
807 1363 852 1427 ιο,
866 1363 902 1415 24
916 1374 948 1412 se
964 1354 1059 1444 dioit‘
1067 1373 1151 1428 prae-

114 1449 116 1456 '
157 1439 281 1498 eanum’.

240 1518 389 1579 ‘Discessit
407 1521 544 1578 Horatius
572 1522 605 1577 V.
628 1521 696 1577 Kal.
716 1522 860 1578 Decembr.
882 1523 911 1579 0.
926 1521 1029 1577 Martio
1050 1523 1151 1578 Censo-

67 1669 74 1676 Α
156 1609 217 1662 rino
240 1613 266 1661 et
282 1605 311 1662 O.
327 1606 423 1661 Asinio
441 1601 690 1673 &linconiensis
706 1612 772 1676 post
791 1599 892 1662 nonum
912 1612 939 1661 et
958 1605 1151 1678 quiuquagesi-

67 1743 69 1749 ,
156 1705 229 1744 mum
247 1688 381 1755 unnum'‚
405 1696 435 1744 ut
451 1695 546 1748 narrat
562 1689 712 1746 Suetonius
729 1689 757 1744 in
774 1690 960 1760 vitrecetum
982 1689 1088 1746 erravit
1101 1707 1152 1745 au-

156 1779 211 1828 tem
232 1775 354 1845 scriptor
375 1774 451 1842 vitae
472 1775 517 1829 vel
540 1772 702 1829 librarius
694 1789 723 1827 ιιι
744 1773 845 1828 sentis
866 1788 999 1828 annorum
1013 1783 1151 1835 numer03

157 1871 218 1912 nam
233 1857 363 1912 eonsules
380 1853 512 1914 nominati
529 1857 663 1912 deliniunt
676 1870 775 1911 annum
791 1855 1048 1925 quinquagesimum
1062 1856 1152 1928 septi-

156 1955 243 2009 mum,
253 1941 333 2010 quod
349 1941 432 2020 etiarn
448 1940 586 1997 Eusebius
595 1921 712 1994 ''reiert
705 1947 732 1992 ra
745 1937 845 1997 caron.
860 1938 895 1993 ad
914 1936 1022 2010 Olymp
1038 1943 1105 2009 197,
1123 1943 1162 2008 3,,

156 2023 194 2077 ιιι
209 2029 255 2092 ιιι,
271 2029 434 2094 postquam,
456 2023 507 2076 ut
500 2038 562 2093 ipse
578 2021 629 2076 od,
649 2020 690 2088 11,
707 2025 740 2078 17
761 2019 929 2076 vatrsrnatus
944 2028 1019 2092 erat
1041 2022 1153 2078 blasae-

156 2105 318 2177 naspaucis
341 2111 405 2160 ante
423 2105 563 2160 mensibus
583 2103 655 2159 obiit
673 2099 770 2176 (Dion.
789 2101 867 2159 Cass
886 2100 994 2178 55,7),
1017 2121 1089 2160 anno
1105 2122 1152 2160 ιι-ι

155 2187 240 2253 bjso
260 2191 327 2257 746,
352 2194 415 2243 ante
432 2181 570 2242 Christum
592 2192 684 2241 natum
701 2191 802 2241 octavo
817 2187 854 2242 sit
868 2192 1010 2258 mortuus,
1034 2185 1153 2244 ‘ureae

155 2270 277 2340 Augusto
285 2271 383 2339 palam
399 2275 574 2350 nuncupato,
594 2285 659 2323 cum
674 2275 788 2340 urgente
806 2286 832 2324 or
828 2270 1006 2329 'ualetudinis
1019 2288 1074 2327 nou
1088 2272 1151 2343 sus-

152 2354 250 2422 ficeret
264 2352 302 2406 acl
316 2353 500 2424 obsignandas
512 2354 666 2408 testamenti
680 2353 794 2408 ubulos
836 2349 978 2411 Humatus
990 2361 1017 2410 et
1029 2354 1153 2410 maditus

154 2441 196 2490 est
209 2438 349 2490 extremis
353 2435 483 2507 Esquiliis
498 2439 579 2492 iusta
592 2434 762 2492 Maecenatis
775 2435 935 2491 tumulum'.

240 2545 282 2601 Ex
297 2545 445 2602 Horatii
457 2548 608 2619 scriptis
624 2548 660 2602 ad
671 2549 798 2603 nostram
813 2553 932 2603 aetatem
949 2554 1153 2624 pervenerunt:

198 2649 210 2700 1
255 2643 405 2712 Oclasrum
421 2647 482 2702 sive
499 2645 653 2728 Carminum
669 2645 735 2700 iibri
753 2651 898 2718 quattuor,

236 2727 398 2800 'Epodon
415 2730 477 2786 sive
493 2731 647 2786 lamborum
663 2729 735 2784 liber
752 2744 839 2799 unus,

194 2723 230 2892 δὲ
253 2811 457 2868 Satirarum
476 2814 537 2869 sive
555 2813 717 2869 Sermonum
731 2812 797 2867 iibri
814 2811 888 2882 duo,

194 2884 230 2966 4)
252 2895 502 2965 Epistolarum
517 2895 583 2950 iibri
599 2894 672 2963 duo,
694 2895 795 2964 quibus
807 2896 1011 2952 adnumeranda
1028 2901 1071 2951 est
1085 2895 1154 2969 Epi-

222 2977 324 3033 stola
341 2979 375 3034 ad
391 2978 523 3046 Pisones,
540 2978 625 3048 vulgo
641 2973 697 3031 ‘dc
711 2984 789 3032 arte
804 2979 969 3049 paetiaa'
984 2960 1130 3051 inscripta.

235 3101 303 3157 Num
317 3104 397 3174 plura
411 3108 538 3174 poemata
550 3102 682 3160 Horatius
697 3104 845 3176 scripserit
858 3106 904 3173 yet
918 3105 1056 3174 ediderit,
1070 3122 1154 3176 φιιιιιι

155 3201 226 3256 quae
248 3192 413 3257 supersunt,
437 3201 492 3240 non
516 3193 633 3243 constat.
683 3187 812 3258 Legimus
830 3187 940 3258 quidem
961 3189 1034 3262 apud
1049 3189 1155 3245 Sueto-

155 3268 229 3326 nium
243 3269 271 3324 in
286 3269 343 3326 vita
357 3275 472 3340 potitae:
496 3257 516 3296 ³
521 3270 687 3326 Venerunt
675 3287 704 3325 m
716 3282 816 3326 manus
828 3285 904 3326 meas
914 3277 942 3328 et
951 3272 1020 3352 eieci
1029 3272 1080 3328 sub
1094 3274 1156 3327 esus
1238 3279 1246 3294 ·

154 3347 294 3427 (Horatii)
316 3353 388 3409 tituto
408 3360 435 3408 et
450 3342 564 3456 epistola
578 3367 669 3426 prosa
682 3356 819 3422 oratione,
844 3357 927 3426 quasi
939 3335 1155 3412 commendantis
