2525 3942
185 225 290 337 aas⁸
534 206 806 301 amsromauu'
933 242 1034 318 [Epist
1049 244 1090 305 ιι
1103 244 1162 357 ιι]

269 396 324 457 llio
338 404 383 455 est
392 402 439 454 aut
449 409 602 469 nusquam
615 389 694 469 quod
706 392 876 468 quaerimus.
896 333 952 450 llic
964 408 1035 453 oaus
1046 393 1161 471 horret
1259 428 1261 475 l

207 480 250 545 40
270 480 308 541 Ut
319 480 413 558 porris
428 478 526 536 animis
539 484 568 534 et
584 490 672 552 parvo
685 492 807 553 corpore
818 478 922 544 maius:
985 492 988 505 ’

269 563 323 624 llic
334 562 427 637 subit,
446 568 476 619 et
488 558 606 637 perfert.
628 558 783 618 Autvirtus
796 573 899 617 nomeu
910 560 993 619 inane
1005 569 1060 637 ιιι,

269 648 326 707 Aut
342 646 431 707 ‹leeus
442 652 471 703 et
483 644 604 722 pretium
614 650 695 709 recte
708 642 779 718 petit
790 643 941 719 experiens
954 645 1008 702 vir.

271 729 374 791 Coram
385 745 456 806 rege
468 743 520 787 suo
534 725 572 786 de
584 731 750 803 paupertate
762 733 889 784 tacentes
944 738 951 747 ¹

270 813 337 873 Plus
349 819 488 891 poscente
498 810 604 874 ferent:
623 808 723 884 distat,
744 826 874 867 sumasne
888 808 1025 887 pudenter
1118 808 1129 815 “

209 898 250 961 45
272 898 315 958 An
326 897 437 975 rapiam
459 896 537 972 atqui
548 908 641 953 rerum
654 901 738 969 caput
749 892 805 959 lroc
817 902 892 968 erat,
910 892 956 951 bic
968 891 1042 952 lous.

273 979 425 1058 „indotata
435 978 501 1037 mibi
512 992 596 1036 soror
607 984 668 1050 est,
685 976 858 1053 paupercula
869 985 967 1051 mater,
1039 1033 1043 1037 ,
1061 1010 1074 1025 ι

272 1025 334 1141 xlii
345 1062 447 1122 laudus
458 1078 513 1120 uec
524 1058 675 1119 vendibilis
686 1075 740 1118 aee
751 1075 871 1135 pascere
882 1058 1014 1136 ιιιιιιιι,“

184 1180 191 1195 =
272 1107 330 1218 ’Qui
345 1144 428 1220 dicit,
444 1141 558 1203 clamet
575 1140 1047 1218 „Viotum(latel“Suooiuitalter
1097 1188 1114 1207 ι

126 1300 131 1309 ¹
273 1226 334 1304 ,,Ει
344 1228 411 1286 mibi
423 1225 536 1285 divisim
550 1224 670 1285 fludetur
679 1239 796 1284 munere
807 1222 922 1304 quadra.
926 1228 947 1261 “

209 1314 252 1375 50
274 1310 331 1370 Sed
343 1312 444 1369 tacitus
455 1310 535 1387 pasci
547 1310 571 1368 si
583 1316 684 1386 posset
695 1323 810 1385 corsus,
823 1309 940 1369 haberet

272 1394 337 1454 Plus
349 1393 449 1472 dapis,
460 1402 495 1451 et
505 1394 582 1452 rixae
592 1391 681 1451 multo
693 1394 784 1451 miuus
796 1386 985 1479 iuvidiaer'pre
1061 1464 1066 1468 ⁵

151 1490 155 1497 '
271 1476 449 1555 Brundisium
460 1493 560 1536 comcs
570 1483 617 1536 aut
627 1476 791 1536 Surrentum
803 1470 903 1535 ductus
915 1492 1073 1554 amoenum,

229 1560 329 1634 Qui
341 1561 467 1639 queritur
478 1559 604 1634 salebras
616 1568 645 1619 et
658 1560 790 1619 acerbum
802 1560 892 1637 frigus
904 1568 933 1619 et
943 1560 1058 1639 imbres,

241 1638 328 1715 ‘Aut
339 1646 439 1705 cistam
450 1644 593 1704 eliractam
605 1652 635 1702 et
646 1643 783 1703 subducta
792 1644 894 1703 viatica
909 1643 1016 1720 plorat;

211 1731 251 1793 ιιι
273 1727 347 1789 tha
358 1718 447 1787 refert
458 1728 615 1787 meretricis
626 1744 753 1786 acumma
763 1742 876 1805 ,saepe
889 1726 1077 1787 catellam'

177 1812 183 1832 ⁸
273 1812 367 1888 Saepe
380 1810 579 1889 periscelidem
589 1817 696 1909 raptam
708 1810 762 1869 sibi
774 1809 882 1887 flentis,
895 1813 936 1869 uti
946 1826 1013 1870 mox

200 1886 205 1906 ¹
272 1894 357 1955 Nulla
367 1894 438 1955 tides
450 1893 557 1954 damnis
567 1894 702 1969 verisque
717 1890 862 1953 doloribus
873 1893 955 1953 adsit.

272 1978 335 2038 Nec
348 1977 459 2038 semel
450 1979 549 2037 irrisus
561 1977 652 2037 triviis
664 1976 795 2036 attollere
807 1963 885 2051 cu'rat

272 2061 375 2122 Fracto
387 2078 469 2120 omre
483 2062 610 2139 planum,
625 2058 695 2119 licet
706 2059 745 2120 illi
759 2042 876 2138 plurima
887 2071 979 2122 manet

210 2150 254 2211 60
273 2143 414 2219 Lacrima,
429 2161 481 2221 per
492 2152 617 2204 sanetum
629 2144 735 2202 iuratus
748 2143 823 2222 dicat
834 2142 951 2205 Osirim.

274 2225 430 2302 „Credite,
447 2242 505 2285 nou
515 2225 595 2294 ludo
612 2224 743 2284 crudeles
755 2226 847 2286 tollite
858 2228 987 2289 claudum
996 2228 1027 2274 l“

272 2306 412 2386 „Quaere
424 2310 628 2385 ιιιιιιιιιιιιιιιιι
644 2309 747 2368 vicinia
758 2326 843 2385 rauca
853 2311 996 2419 reclamat.

470 2667 717 2725 musaeus
736 2670 878 2725 xvrn.

549 2777 597 2829 ιιι
616 2764 791 2832 cosmum.

272 2896 524 2972 siccationem,
537 2905 663 2972 metues,
679 2895 821 2956 liberrime
836 2894 918 2971 Lolli,

272 2979 432 3039 Scumutis
443 2982 571 3059 speciem
583 2979 739 3058 praebere,
753 2976 902 3057 professus
915 2978 1043 3039 amicum.

271 3059 310 3120 ιιι
323 3069 448 3122 matrona
457 3064 599 3123 meretrici
612 3062 708 3140 dispar
719 3064 772 3121 erit
782 3070 867 3162 atque

270 3142 422 3221 Discolor,
437 3144 523 3205 iulido
537 3164 653 3207 scurrae
664 3146 778 3206 dustabrt
789 3164 905 3205 armeus

229 3228 248 3289 5
270 3224 399 3287 Esthuic
412 3228 553 3289 diversum
564 3222 633 3290 uitio
644 3231 742 3290 uitium
756 3247 847 3310 prope
857 3234 956 3331 maius,

271 3309 420 3389 Asperitas
432 3315 554 3391 agrestis
566 3316 616 3373 et
607 3316 774 3374 meouciuua
786 3318 950 3393 gravisque,
