2525 3942
149 218 253 285 [Epist.
266 215 305 289 3,]
374 231 376 234 ·
531 213 657 328 ἸΛΙΒΕΗ
673 216 710 277 ll.

149 362 239 422 Dives
250 364 343 441 agris,
361 362 442 422 dives
454 367 557 441 positis
568 368 596 426 in
608 368 728 426 foenore
739 368 867 427 nummis.

148 448 180 506 Si
194 462 265 505 vero
274 457 340 522 est,
357 455 470 506 unctum
482 451 530 526 qui
541 459 621 509 recte
633 468 742 529 ponere
757 452 849 527 possit

146 529 184 589 Et
196 530 340 608 spondere
350 531 407 590 levi
420 547 473 608 pro
484 550 611 610 paupere
622 544 652 593 et
662 536 774 612 eripere
786 534 853 592 atris

147 614 255 674 litibus
267 615 450 693 implicitum,
465 618 601 693 mirabor,
618 620 642 677 si
654 619 823 682 scietinter·
938 662 940 673 .

147 716 271 758 noscere
282 698 445 760 mendacem
456 717 611 779 uerumque
622 702 722 761 beatus
734 702 862 761 amicum,

149 780 256 863 Tuscu
268 782 380 842 donaris
391 800 443 841 sen
455 782 523 860 quid
534 784 639 861 donare
652 784 734 844 uoles
749 786 804 859 cui,

130 869 136 876 “
147 863 245 924 Nolito
258 866 293 925 ad
303 884 405 926 versus
415 866 465 925 tibi
478 868 570 927 iactos
583 868 688 927 ducere
700 868 814 945 plenum

146 948 1034 1027 laetitiaezciamabitenim,‚Pdlcbrel“‚,Bene!Rcote!“--‚
1128 937 1134 952 ‘

148 1031 289 1092 Pallescet
300 1033 457 1110 superbis,
471 1035 554 1093 etiam
565 1035 790 1095 stillabit-amicis

147 1116 192 1174 Ex
202 1116 294 1176 oculis
306 1132 416 1192 rorem,
432 1116 530 1193 saliet,
545 1120 644 1179 tundet
655 1118 730 1196 pede
741 1126 852 1177 terram.
938 1113 941 1123 ’

147 1199 201 1275 Ut,
216 1201 264 1277 qni
277 1200 409 1259 conducti
421 1200 534 1277 plorant
544 1203 572 1260 ln
585 1202 704 1277 funere,
720 1202 815 1261 dicunt

146 1282 183 1342 Et
196 1284 301 1342 iaciunt
313 1300 404 1360 prope
416 1282 496 1361 plura
509 1283 670 1348 dolentibus
683 1287 838 1360 exanimo,
852 1285 894 1343 sio

146 1366 266 1425 Derisor
277 1380 347 1425 uero
358 1365 424 1443 plus
433 1365 579 1428 laudatore
586 1378 725 1428 movetur.

147 1450 246 1527 Reges
259 1448 387 1508 dicuntur
398 1448 492 1509 rnultis
504 1468 607 1528 urgere
619 1451 732 1510 culnllis

147 1532 184 1593 llt
194 1542 329 1611 torquere
340 1549 437 1607 mero,
451 1551 534 1610 quem
543 1535 729 1611 perspexisse
740 1532 877 1609 laborant,

146 1616 190 1676 An
202 1618 239 1693 sit
250 1616 371 1675 amicitia
383 1616 501 1693 dignus:
513 1619 537 1677 si
550 1620 670 1677 munina
683 1615 800 1692 condes,

54 1696 56 1700 ’
147 1699 296 1777 Nunquam
307 1708 335 1758 te
348 1699 444 1760 fallant
454 1702 538 1769 animi
549 1701 602 1760 sub
612 1701 699 1778 vulpe
711 1699 841 1759 latentes.
895 1726 902 1735 ·
1012 1762 1014 1769 Α

149 1783 303 1859 Quinctilio
318 1783 423 1862 siquid
436 1786 587 1860 recitares,
601 1782 763 1861 „Corrigc‚
780 1781 878 1857 sodes,

147 1868 258 1944 „Hoc“
272 1868 530 1944 aiebat‚‚etboc.“
551 1867 654 1928 blelius
665 1876 694 1927 te
707 1884 794 1945 posse
805 1882 937 1944 negares,
968 1914 970 1919 .

148 1952 195 2012 Bis
208 1961 309 2031 terque
319 1961 470 2029 expertum
482 1952 596 2013 frustra:
615 1951 716 2011 delere
729 1949 843 2009 iubebat
946 1998 949 2015 ,

148 2036 183 2097 Et
194 2035 266 2095 male
279 2044 407 2095 tornatos
421 2036 513 2096 incudi
528 2036 649 2098 reddere
660 2053 771 2095 versus.

147 2120 177 2178 Si
191 2118 347 2178 delendcrc
359 2119 492 2179 delictum
507 2138 590 2200 qnam
600 2128 713 2179 vertere
724 2116 836 2178 malles.

146 2200 260 2263 Nullum
270 2202 341 2263 ultra
352 2204 468 2263 verbum
480 2214 527 2263 aut
537 2220 653 2281 operam
665 2201 822 2263 insumebat
833 2201 953 2276 inanem,

147 2287 221 2360 Quin
232 2288 293 2345 sine
304 2285 384 2345 rivali
396 2296 483 2365 teque
496 2298 525 2348 et
536 2297 581 2347 tna
596 2287 805 2347 solusamares.

146 2371 195 2430 Vir
206 2372 297 2429 bonus
312 2378 341 2429 et
353 2370 591 2447 prudensversns
602 2367 794 2449 reprehendet
809 2370 925 2443 inertes,

146 2452 280 2530 culpabit
290 2453 391 2528 duros,
408 2456 538 2514 incomtis
549 2454 645 2514 alliuet
656 2463 744 2514 atrum

146 2534 440 2606 Transyersoxcalamo
452 2539 577 2613 signum,
594 2538 742 2596 ambitiosa
753 2535 864 2594 recidet
876 2544 878 2549 '

148 2620 331 2693 Ornamenta‚
350 2635 447 2695 parum
461 2617 545 2678 claris
556 2619 649 2677 lucem
661 2618 728 2678 dare
742 2626 839 2694 coget,

146 2698 256 2779 Arguat
267 2701 398 2778 ambigue
410 2700 528 2777 dictum,
546 2700 674 2760 mutanda
685 2701 803 2775 notabit,
883 2764 888 2775 ,

146 2786 209 2846 Fiet
220 2784 399 2844 Aristarchus
407 2806 415 2853 ;
429 2802 486 2844 non
501 2785 576 2844 dicct
588 2782 670 2861 „Gur
682 2801 737 2862 ego
750 2786 868 2843 amicum

146 2868 317 2947 „Oiiendam
328 2869 356 2927 in
367 2866 495 2945 ongisl“
512 2868 572 2930 Hae
583 2886 676 2945 nugae
688 2868 762 2927 seria
774 2867 876 2926 ducent

134 2954 178 3013 ln
187 2950 260 3013 mala
272 2952 396 3011 derisum
407 2951 496 3011 semel
512 2961 721 3030 exceptumque
733 2952 855 3011 sinistre.

145 3037 184 3098 Ut
193 3035 266 3095 mala
281 3053 365 3114 quero
376 3036 490 3096 scabies
501 3046 548 3097 aut
558 3027 675 3095 morbus
687 3036 784 3112 regins
796 3044 878 3113 urget

145 3121 202 3180 Aut
213 3120 349 3179 fanaticus
359 3135 441 3179 error
450 3128 479 3179 ot
489 3118 621 3180 iracunda
635 3118 735 3194 Dia'na,

144 3204 287 3263 vesanum
296 3203 536 3280 tetigissctiment
547 3203 715 3281 fugiuntque
727 3208 851 3279 poetam,

125 3323 130 3328 -
146 3287 202 3360 Qui
214 3287 341 3364 sapiunt;
356 3288 462 3363 agitant
474 3288 554 3365 pueri
565 3288 727 3365 incautique
739 3293 903 3364 sequuntur.

984 198 1177 285 ‘aar‘

1058 700 1119 763 425

1057 1116 1120 1180 430

1057 1533 1118 1597 435
1207 1608 1210 1611 ,

1056 1948 1119 2012 440

1056 2365 1116 2431 445

1056 2782 1118 2845 450
1135 2846 1137 2856 Α

1058 3200 1118 3261 455
