<?xml version="1.0" encoding="UTF-8"?>
<!DOCTYPE html PUBLIC "-//W3C//DTD XHTML 1.0 Transitional//EN"
    "http://www.w3.org/TR/xhtml1/DTD/xhtml1-transitional.dtd">
<html xmlns="http://www.w3.org/1999/xhtml" xml:lang="en" lang="en">
 <head>
  <title>
</title>
<meta http-equiv="Content-Type" content="text/html;charset=utf-8" />
  <meta name='ocr-system' content='tesseract 3.04.00' />
  <meta name='ocr-capabilities' content='ocr_page ocr_carea ocr_par ocr_line ocrx_word'/>
</head>
<body>
  <div class='ocr_page' id='page_1' title='image "./qhoratiiflaccio02schmgoog_0317.png"; bbox 0 0 2525 3942; ppageno 0'>
   <div class='ocr_carea' id='block_1_1' title="bbox 102 207 772 305">
    <p class='ocr_par' dir='ltr' id='par_1_1' title="bbox 102 207 772 305">
     <span class='ocr_line' id='line_1_1' title="bbox 102 207 772 305; baseline 0.006 -17"><span class='ocrx_word' id='word_1_1' title='bbox 102 237 202 305; x_wconf 77' lang='lat' dir='ltr'><strong>[Epist.</strong></span> <span class='ocrx_word' id='word_1_2' title='bbox 214 230 253 305; x_wconf 80' lang='lat' dir='ltr'><strong>a]</strong></span> <span class='ocrx_word' id='word_1_3' title='bbox 434 207 438 214; x_wconf 85' lang='grc'><strong>’</strong></span> <span class='ocrx_word' id='word_1_4' title='bbox 501 231 611 291; x_wconf 82' lang='lat' dir='ltr'><strong>trusa</strong></span> <span class='ocrx_word' id='word_1_5' title='bbox 631 231 668 291; x_wconf 90' lang='lat'><strong>11.</strong></span> <span class='ocrx_word' id='word_1_6' title='bbox 758 272 772 279; x_wconf 84' lang='lat'><em>-</em></span> 
     </span>
    </p>
   </div>
   <div class='ocr_carea' id='block_1_2' title="bbox 98 369 900 707">
    <p class='ocr_par' dir='ltr' id='par_1_2' title="bbox 98 369 900 707">
     <span class='ocr_line' id='line_1_2' title="bbox 101 369 840 461; baseline 0.005 -22"><span class='ocrx_word' id='word_1_7' title='bbox 101 380 164 453; x_wconf 83' lang='lat' dir='ltr'><strong>Quo</strong></span> <span class='ocrx_word' id='word_1_8' title='bbox 180 398 248 445; x_wconf 88' lang='lat' dir='ltr'><strong>saue</strong></span> <span class='ocrx_word' id='word_1_9' title='bbox 263 379 387 458; x_wconf 88' lang='lat' dir='ltr'><strong>populus</strong></span> <span class='ocrx_word' id='word_1_10' title='bbox 401 369 597 458; x_wconf 79' lang='lat' dir='ltr'><strong>numerabilis,</strong></span> <span class='ocrx_word' id='word_1_11' title='bbox 613 390 713 459; x_wconf 90' lang='lat' dir='ltr'><strong>utpote</strong></span> <span class='ocrx_word' id='word_1_12' title='bbox 726 400 840 461; x_wconf 83' lang='lat' dir='ltr'><strong>parvus,</strong></span> 
     </span>
     <span class='ocr_line' id='line_1_3' title="bbox 99 463 900 561; baseline 0.004 -39"><span class='ocrx_word' id='word_1_13' title='bbox 99 463 135 522; x_wconf 87' lang='lat' dir='ltr'><strong>Et</strong></span> <span class='ocrx_word' id='word_1_14' title='bbox 145 463 219 540; x_wconf 74' lang='lat' dir='ltr'><strong>frugi</strong></span> <span class='ocrx_word' id='word_1_15' title='bbox 231 472 384 561; x_wconf 87' lang='lat' dir='ltr'><strong>castusque</strong></span> <span class='ocrx_word' id='word_1_16' title='bbox 395 463 631 543; x_wconf 82' lang='lat' dir='ltr'><strong>verecundusque</strong></span> <span class='ocrx_word' id='word_1_17' title='bbox 644 466 747 525; x_wconf 87' lang='lat' dir='ltr'><strong>coibat.</strong></span> <span class='ocrx_word' id='word_1_18' title='bbox 896 532 900 537; x_wconf 55' lang='grc'><strong>,</strong></span> 
     </span>
     <span class='ocr_line' id='line_1_4' title="bbox 98 546 898 624; baseline 0.004 -19"><span class='ocrx_word' id='word_1_19' title='bbox 98 546 249 624; x_wconf 89' lang='lat' dir='ltr'><strong>Postquam</strong></span> <span class='ocrx_word' id='word_1_20' title='bbox 261 555 357 622; x_wconf 76' lang='lat' dir='ltr'><strong>coepit</strong></span> <span class='ocrx_word' id='word_1_21' title='bbox 368 562 453 622; x_wconf 80' lang='lat' dir='ltr'><strong>agros</strong></span> <span class='ocrx_word' id='word_1_22' title='bbox 466 548 741 623; x_wconf 82' lang='lat' dir='ltr'><strong>extendere&#39;victor,</strong></span> <span class='ocrx_word' id='word_1_23' title='bbox 762 558 791 608; x_wconf 91' lang='lat' dir='ltr'><strong>et</strong></span> <span class='ocrx_word' id='word_1_24' title='bbox 802 550 898 611; x_wconf 89' lang='lat' dir='ltr'><strong>urbem</strong></span> 
     </span>
     <span class='ocr_line' id='line_1_5' title="bbox 98 624 825 707; baseline 0.003 -20"><span class='ocrx_word' id='word_1_25' title='bbox 98 628 192 687; x_wconf 78' lang='lat' dir='ltr'><strong>latior</strong></span> <span class='ocrx_word' id='word_1_26' title='bbox 204 628 338 705; x_wconf 78' lang='lat' dir='ltr'>amplecti</span> <span class='ocrx_word' id='word_1_27' title='bbox 348 646 463 704; x_wconf 88' lang='lat' dir='ltr'><strong>murus,</strong></span> <span class='ocrx_word' id='word_1_28' title='bbox 479 631 604 707; x_wconf 87' lang='lat' dir='ltr'><strong>vinoque</strong></span> <span class='ocrx_word' id='word_1_29' title='bbox 615 630 715 690; x_wconf 90' lang='lat' dir='ltr'><strong>diurno</strong></span> <span class='ocrx_word' id='word_1_30' title='bbox 822 624 825 628; x_wconf 67' lang='grc'><strong>’</strong></span> 
     </span>
    </p>
   </div>
   <div class='ocr_carea' id='block_1_3' title="bbox 1 710 698 791">
    <p class='ocr_par' dir='ltr' id='par_1_3' title="bbox 1 710 698 791">
     <span class='ocr_line' id='line_1_6' title="bbox 1 710 698 791; baseline 0.009 -25"><span class='ocrx_word' id='word_1_31' title='bbox 1 753 2 766; x_wconf 51' lang='lat'>2</span> <span class='ocrx_word' id='word_1_32' title='bbox 98 711 204 771; x_wconf 84' lang='lat' dir='ltr'><strong>Placari</strong></span> <span class='ocrx_word' id='word_1_33' title='bbox 216 710 667 791; x_wconf 84' lang='lat' dir='ltr'><strong>Geniusiestisimpunediebus;</strong></span> <span class='ocrx_word' id='word_1_34' title='bbox 692 728 698 734; x_wconf 88' lang='grc'><em>·</em></span> 
     </span>
    </p>
   </div>
   <div class='ocr_carea' id='block_1_4' title="bbox 95 792 926 1204">
    <p class='ocr_par' dir='ltr' id='par_1_4' title="bbox 95 792 903 1039">
     <span class='ocr_line' id='line_1_7' title="bbox 97 792 903 872; baseline 0.012 -21"><span class='ocrx_word' id='word_1_35' title='bbox 97 792 229 853; x_wconf 80' lang='lat' dir='ltr'><strong>Accessit</strong></span> <span class='ocrx_word' id='word_1_36' title='bbox 240 795 421 870; x_wconf 89' lang='lat' dir='ltr'><strong>numerisque</strong></span> <span class='ocrx_word' id='word_1_37' title='bbox 430 794 579 872; x_wconf 90' lang='lat' dir='ltr'><strong>modisque</strong></span> <span class='ocrx_word' id='word_1_38' title='bbox 590 796 705 855; x_wconf 89' lang='lat' dir='ltr'><strong>licentia</strong></span> <span class='ocrx_word' id='word_1_39' title='bbox 716 798 814 855; x_wconf 84' lang='lat' dir='ltr'><strong>tucior.</strong></span> <span class='ocrx_word' id='word_1_40' title='bbox 899 850 903 861; x_wconf 76' lang='grc'>,</span> 
     </span>
     <span class='ocr_line' id='line_1_8' title="bbox 97 874 798 958; baseline 0.006 -23"><span class='ocrx_word' id='word_1_41' title='bbox 97 874 230 936; x_wconf 91' lang='lat' dir='ltr'><strong>ludoctus</strong></span> <span class='ocrx_word' id='word_1_42' title='bbox 243 876 310 958; x_wconf 92' lang='lat' dir='ltr'><strong>quid</strong></span> <span class='ocrx_word' id='word_1_43' title='bbox 321 878 395 935; x_wconf 90' lang='lat' dir='ltr'><strong>enim</strong></span> <span class='ocrx_word' id='word_1_44' title='bbox 406 886 521 953; x_wconf 88' lang='lat' dir='ltr'><strong>saperet</strong></span> <span class='ocrx_word' id='word_1_45' title='bbox 531 877 660 957; x_wconf 93' lang='lat' dir='ltr'><strong>liberque</strong></span> <span class='ocrx_word' id='word_1_46' title='bbox 671 878 798 939; x_wconf 83' lang='lat' dir='ltr'><strong>laborum</strong></span> 
     </span>
     <span class='ocr_line' id='line_1_9' title="bbox 95 959 779 1039; baseline 0.004 -21"><span class='ocrx_word' id='word_1_47' title='bbox 95 959 230 1019; x_wconf 77' lang='lat' dir='ltr'><strong>Rusticus</strong></span> <span class='ocrx_word' id='word_1_48' title='bbox 242 959 513 1035; x_wconf 84' lang='lat' dir='ltr'><strong>urbanoconlusos,</strong></span> <span class='ocrx_word' id='word_1_49' title='bbox 530 964 619 1039; x_wconf 90' lang='lat' dir='ltr'><strong>turpis</strong></span> <span class='ocrx_word' id='word_1_50' title='bbox 635 959 779 1021; x_wconf 85' lang='lat' dir='ltr'><strong>honesto?</strong></span> 
     </span>
    </p>

    <p class='ocr_par' dir='ltr' id='par_1_5' title="bbox 96 1041 926 1204">
     <span class='ocr_line' id='line_1_10' title="bbox 96 1041 926 1119; baseline 0.002 -18"><span class='ocrx_word' id='word_1_51' title='bbox 96 1042 145 1101; x_wconf 89' lang='lat' dir='ltr'><strong>Sic</strong></span> <span class='ocrx_word' id='word_1_52' title='bbox 156 1044 269 1119; x_wconf 89' lang='lat' dir='ltr'><strong>priscae</strong></span> <span class='ocrx_word' id='word_1_53' title='bbox 279 1049 442 1119; x_wconf 88' lang='lat' dir='ltr'><strong>motumque</strong></span> <span class='ocrx_word' id='word_1_54' title='bbox 452 1052 482 1101; x_wconf 91' lang='lat' dir='ltr'><strong>et</strong></span> <span class='ocrx_word' id='word_1_55' title='bbox 492 1041 630 1103; x_wconf 82' lang='lat' dir='ltr'>luxuriem</span> <span class='ocrx_word' id='word_1_56' title='bbox 643 1044 748 1104; x_wconf 82' lang='lat' dir='ltr'><strong>addidit</strong></span> <span class='ocrx_word' id='word_1_57' title='bbox 763 1044 815 1103; x_wconf 90' lang='lat' dir='ltr'><strong>arti</strong></span> <span class='ocrx_word' id='word_1_58' title='bbox 920 1080 926 1097; x_wconf 55' lang='lat'><em>2</em></span> 
     </span>
     <span class='ocr_line' id='line_1_11' title="bbox 96 1124 787 1204; baseline 0.003 -20"><span class='ocrx_word' id='word_1_59' title='bbox 96 1124 212 1185; x_wconf 78' lang='lat' dir='ltr'>Tibicen</span> <span class='ocrx_word' id='word_1_60' title='bbox 225 1127 365 1201; x_wconf 76' lang='lat' dir='ltr'><strong>traxitque</strong></span> <span class='ocrx_word' id='word_1_61' title='bbox 375 1142 466 1202; x_wconf 85' lang='lat' dir='ltr'><strong>vagus</strong></span> <span class='ocrx_word' id='word_1_62' title='bbox 478 1143 531 1202; x_wconf 91' lang='lat' dir='ltr'><strong>per</strong></span> <span class='ocrx_word' id='word_1_63' title='bbox 542 1126 651 1204; x_wconf 92' lang='lat' dir='ltr'><strong>pulpita</strong></span> <span class='ocrx_word' id='word_1_64' title='bbox 661 1136 787 1195; x_wconf 89' lang='lat' dir='ltr'><strong>vestem;</strong></span> 
     </span>
    </p>
   </div>
   <div class='ocr_carea' id='block_1_5' title="bbox 96 1194 1093 1285">
    <p class='ocr_par' dir='ltr' id='par_1_6' title="bbox 96 1194 1093 1285">
     <span class='ocr_line' id='line_1_12' title="bbox 96 1194 1093 1285; baseline -0.001 -19"><span class='ocrx_word' id='word_1_65' title='bbox 96 1207 453 1267; x_wconf 85' lang='lat' dir='ltr'><strong>Sicetiamlidibusvoces</strong></span> <span class='ocrx_word' id='word_1_66' title='bbox 466 1226 584 1269; x_wconf 85' lang='lat' dir='ltr'><strong>crevere</strong></span> <span class='ocrx_word' id='word_1_67' title='bbox 598 1211 719 1285; x_wconf 87' lang='lat' dir='ltr'><strong>severis,</strong></span> <span class='ocrx_word' id='word_1_68' title='bbox 803 1218 825 1285; x_wconf 67' lang='lat'><strong>0&#39;</strong></span> <span class='ocrx_word' id='word_1_69' title='bbox 912 1250 916 1261; x_wconf 43' lang='lat' dir='ltr'><strong>r</strong></span> <span class='ocrx_word' id='word_1_70' title='bbox 1030 1222 1033 1231; x_wconf 57' lang='lat'><em>¹</em></span> <span class='ocrx_word' id='word_1_71' title='bbox 1085 1194 1093 1212; x_wconf 50' lang='lat'>¹</span> 
     </span>
    </p>
   </div>
   <div class='ocr_carea' id='block_1_6' title="bbox 94 1289 820 1369">
    <p class='ocr_par' dir='ltr' id='par_1_7' title="bbox 94 1289 820 1369">
     <span class='ocr_line' id='line_1_13' title="bbox 94 1289 820 1369; baseline 0.001 -20"><span class='ocrx_word' id='word_1_72' title='bbox 94 1289 131 1349; x_wconf 87' lang='lat' dir='ltr'><strong>Et</strong></span> <span class='ocrx_word' id='word_1_73' title='bbox 141 1290 203 1349; x_wconf 89' lang='lat' dir='ltr'><strong>tulit</strong></span> <span class='ocrx_word' id='word_1_74' title='bbox 216 1289 359 1367; x_wconf 88' lang='lat' dir='ltr'><strong>cloquium</strong></span> <span class='ocrx_word' id='word_1_75' title='bbox 369 1291 511 1356; x_wconf 87' lang='lat' dir='ltr'><strong>insolitum</strong></span> <span class='ocrx_word' id='word_1_76' title='bbox 525 1292 654 1351; x_wconf 79' lang='lat' dir='ltr'><strong>facundia</strong></span> <span class='ocrx_word' id='word_1_77' title='bbox 669 1309 820 1369; x_wconf 89' lang='lat' dir='ltr'><strong>praeceps,</strong></span> 
     </span>
    </p>
   </div>
   <div class='ocr_carea' id='block_1_7' title="bbox 0 1367 712 1449">
    <p class='ocr_par' dir='ltr' id='par_1_8' title="bbox 0 1367 712 1449">
     <span class='ocr_line' id='line_1_14' title="bbox 0 1367 712 1449; baseline 0.003 -18"><span class='ocrx_word' id='word_1_78' title='bbox 0 1398 1 1405; x_wconf 47' lang='lat'>¹</span> <span class='ocrx_word' id='word_1_79' title='bbox 90 1367 266 1449; x_wconf 86' lang='lat' dir='ltr'><strong>¹Utiliumque</strong></span> <span class='ocrx_word' id='word_1_80' title='bbox 278 1390 366 1447; x_wconf 80' lang='lat' dir='ltr'>sagax</span> <span class='ocrx_word' id='word_1_81' title='bbox 377 1390 470 1431; x_wconf 86' lang='lat' dir='ltr'><strong>rerum</strong></span> <span class='ocrx_word' id='word_1_82' title='bbox 482 1383 512 1432; x_wconf 89' lang='lat' dir='ltr'><strong>et</strong></span> <span class='ocrx_word' id='word_1_83' title='bbox 523 1374 615 1433; x_wconf 86' lang='lat' dir='ltr'><strong>divina</strong></span> <span class='ocrx_word' id='word_1_84' title='bbox 626 1375 712 1433; x_wconf 90' lang='lat' dir='ltr'><strong>luturi</strong></span> 
     </span>
    </p>
   </div>
   <div class='ocr_carea' id='block_1_8' title="bbox 95 1453 778 1531">
    <p class='ocr_par' dir='ltr' id='par_1_9' title="bbox 95 1453 778 1531">
     <span class='ocr_line' id='line_1_15' title="bbox 95 1453 778 1531; baseline -0.001 -18"><span class='ocrx_word' id='word_1_85' title='bbox 95 1455 246 1531; x_wconf 85' lang='lat' dir='ltr'><strong>Sortilegis</strong></span> <span class='ocrx_word' id='word_1_86' title='bbox 260 1471 317 1513; x_wconf 92' lang='lat' dir='ltr'><strong>non</strong></span> <span class='ocrx_word' id='word_1_87' title='bbox 331 1453 487 1531; x_wconf 82' lang='lat' dir='ltr'><strong>discrepuit</strong></span> <span class='ocrx_word' id='word_1_88' title='bbox 497 1458 636 1515; x_wconf 88' lang='lat' dir='ltr'><strong>sententia</strong></span> <span class='ocrx_word' id='word_1_89' title='bbox 646 1455 778 1531; x_wconf 78' lang='lat' dir='ltr'><strong>Delphis.</strong></span> 
     </span>
    </p>
   </div>
   <div class='ocr_carea' id='block_1_9' title="bbox 0 1536 815 1615">
    <p class='ocr_par' dir='ltr' id='par_1_10' title="bbox 0 1536 815 1615">
     <span class='ocr_line' id='line_1_16' title="bbox 0 1536 815 1615; baseline 0.002 -24"><span class='ocrx_word' id='word_1_90' title='bbox 0 1550 1 1591; x_wconf 72' lang='lat' dir='ltr'><strong>t</strong></span> <span class='ocrx_word' id='word_1_91' title='bbox 96 1537 225 1597; x_wconf 78' lang='lat' dir='ltr'><strong>Carmine</strong></span> <span class='ocrx_word' id='word_1_92' title='bbox 237 1538 285 1615; x_wconf 91' lang='lat' dir='ltr'><strong>qui</strong></span> <span class='ocrx_word' id='word_1_93' title='bbox 299 1537 407 1613; x_wconf 78' lang='lat' dir='ltr'><strong>tragico</strong></span> <span class='ocrx_word' id='word_1_94' title='bbox 421 1536 507 1596; x_wconf 82' lang='lat' dir='ltr'><strong>rilem</strong></span> <span class='ocrx_word' id='word_1_95' title='bbox 520 1540 638 1597; x_wconf 84' lang='lat' dir='ltr'><strong>certarit</strong></span> <span class='ocrx_word' id='word_1_96' title='bbox 650 1538 687 1597; x_wconf 94' lang='lat' dir='ltr'><strong>ob</strong></span> <span class='ocrx_word' id='word_1_97' title='bbox 697 1539 815 1611; x_wconf 83' lang='lat' dir='ltr'><strong>hircum,</strong></span> 
     </span>
    </p>
   </div>
   <div class='ocr_carea' id='block_1_10' title="bbox 1 1619 962 1947">
    <p class='ocr_par' dir='ltr' id='par_1_11' title="bbox 1 1619 962 1947">
     <span class='ocr_line' id='line_1_17' title="bbox 94 1619 795 1696; baseline -0.003 -17"><span class='ocrx_word' id='word_1_98' title='bbox 94 1619 162 1679; x_wconf 85' lang='lat' dir='ltr'><strong>lllox</strong></span> <span class='ocrx_word' id='word_1_99' title='bbox 177 1622 259 1679; x_wconf 86' lang='lat' dir='ltr'><strong>etiam</strong></span> <span class='ocrx_word' id='word_1_100' title='bbox 273 1628 403 1696; x_wconf 80' lang='lat' dir='ltr'><strong>agrestes</strong></span> <span class='ocrx_word' id='word_1_101' title='bbox 415 1619 531 1695; x_wconf 70' lang='lat' dir='ltr'><strong>Satyros</strong></span> <span class='ocrx_word' id='word_1_102' title='bbox 542 1620 655 1681; x_wconf 87' lang='lat' dir='ltr'><strong>nudavit</strong></span> <span class='ocrx_word' id='word_1_103' title='bbox 670 1628 699 1680; x_wconf 87' lang='lat' dir='ltr'><strong>et</strong></span> <span class='ocrx_word' id='word_1_104' title='bbox 710 1636 795 1696; x_wconf 88' lang='lat' dir='ltr'><strong>asper</strong></span> 
     </span>
     <span class='ocr_line' id='line_1_18' title="bbox 94 1702 962 1787; baseline -0.002 -24"><span class='ocrx_word' id='word_1_105' title='bbox 94 1702 677 1779; x_wconf 78' lang='lat' dir='ltr'><strong>lncolumigravitateiocumtentavitco,</strong></span> <span class='ocrx_word' id='word_1_106' title='bbox 695 1702 771 1781; x_wconf 90' lang='lat' dir='ltr'><strong>quod</strong></span> <span class='ocrx_word' id='word_1_107' title='bbox 955 1772 962 1787; x_wconf 23' lang='grc' dir='ltr'>ἱ</span> 
     </span>
     <span class='ocr_line' id='line_1_19' title="bbox 1 1785 938 1863; baseline 0.004 -18"><span class='ocrx_word' id='word_1_108' title='bbox 1 1803 2 1814; x_wconf 56' lang='lat'><strong>³</strong></span> <span class='ocrx_word' id='word_1_109' title='bbox 94 1785 243 1845; x_wconf 86' lang='lat' dir='ltr'><strong>illecebris</strong></span> <span class='ocrx_word' id='word_1_110' title='bbox 258 1794 318 1845; x_wconf 91' lang='lat' dir='ltr'><strong>erat</strong></span> <span class='ocrx_word' id='word_1_111' title='bbox 326 1790 358 1845; x_wconf 84' lang='lat' dir='ltr'><strong>‘et</strong></span> <span class='ocrx_word' id='word_1_112' title='bbox 367 1794 450 1863; x_wconf 76' lang='lat' dir='ltr'><strong>gratu</strong></span> <span class='ocrx_word' id='word_1_113' title='bbox 461 1788 586 1846; x_wconf 85' lang='lat' dir='ltr'><strong>novitate</strong></span> <span class='ocrx_word' id='word_1_114' title='bbox 597 1786 748 1845; x_wconf 89' lang='lat' dir='ltr'><strong>morandus</strong></span> <span class='ocrx_word' id='word_1_115' title='bbox 781 1806 817 1832; x_wconf 56' lang='grc' dir='ltr'><strong>ι·</strong></span> <span class='ocrx_word' id='word_1_116' title='bbox 934 1838 938 1849; x_wconf 77' lang='lat'>.</span> 
     </span>
     <span class='ocr_line' id='line_1_20' title="bbox 95 1869 811 1947; baseline 0 -18"><span class='ocrx_word' id='word_1_117' title='bbox 95 1870 247 1946; x_wconf 89' lang='lat' dir='ltr'><strong>Spectator</strong></span> <span class='ocrx_word' id='word_1_118' title='bbox 256 1870 427 1947; x_wconf 80' lang='lat' dir='ltr'><strong>iunctusque</strong></span> <span class='ocrx_word' id='word_1_119' title='bbox 436 1871 528 1929; x_wconf 91' lang='lat' dir='ltr'><strong>sacris</strong></span> <span class='ocrx_word' id='word_1_120' title='bbox 540 1878 568 1928; x_wconf 89' lang='lat' dir='ltr'><strong>et</strong></span> <span class='ocrx_word' id='word_1_121' title='bbox 579 1878 664 1946; x_wconf 89' lang='lat' dir='ltr'><strong>potus</strong></span> <span class='ocrx_word' id='word_1_122' title='bbox 679 1869 811 1929; x_wconf 83' lang='lat' dir='ltr'><strong>etexlex.</strong></span> 
     </span>
    </p>
   </div>
   <div class='ocr_carea' id='block_1_11' title="bbox 1 1952 890 2029">
    <p class='ocr_par' dir='ltr' id='par_1_12' title="bbox 1 1952 890 2029">
     <span class='ocr_line' id='line_1_21' title="bbox 1 1952 890 2029; baseline 0.001 -18"><span class='ocrx_word' id='word_1_123' title='bbox 1 1955 2 1978; x_wconf 73' lang='lat'><em>³</em></span> <span class='ocrx_word' id='word_1_124' title='bbox 94 1953 247 2013; x_wconf 85' lang='lat' dir='ltr'><strong>Verumita</strong></span> <span class='ocrx_word' id='word_1_125' title='bbox 259 1954 383 2029; x_wconf 85' lang='lat' dir='ltr'><strong>risores,</strong></span> <span class='ocrx_word' id='word_1_126' title='bbox 400 1953 438 2012; x_wconf 88' lang='lat' dir='ltr'><strong>ita</strong></span> <span class='ocrx_word' id='word_1_127' title='bbox 451 1952 647 2014; x_wconf 89' lang='lat' dir='ltr'><strong>commendare</strong></span> <span class='ocrx_word' id='word_1_128' title='bbox 664 1952 777 2013; x_wconf 88' lang='lat' dir='ltr'><strong>dicaces</strong></span> <span class='ocrx_word' id='word_1_129' title='bbox 887 1984 890 1990; x_wconf 84' lang='lat'>·</span> 
     </span>
    </p>
   </div>
   <div class='ocr_carea' id='block_1_12' title="bbox 29 2033 910 2527">
    <p class='ocr_par' dir='ltr' id='par_1_13' title="bbox 29 2033 753 2112">
     <span class='ocr_line' id='line_1_22' title="bbox 29 2033 753 2112; baseline 0 -17"><span class='ocrx_word' id='word_1_130' title='bbox 29 2104 33 2109; x_wconf 23' lang='lat'><strong><em>¹</em></strong></span> <span class='ocrx_word' id='word_1_131' title='bbox 95 2033 253 2095; x_wconf 82' lang='lat' dir='ltr'><strong>Conveniet</strong></span> <span class='ocrx_word' id='word_1_132' title='bbox 264 2035 398 2111; x_wconf 77' lang='lat' dir='ltr'><strong>Satyros,</strong></span> <span class='ocrx_word' id='word_1_133' title='bbox 415 2037 454 2095; x_wconf 90' lang='lat' dir='ltr'><strong>ita</strong></span> <span class='ocrx_word' id='word_1_134' title='bbox 464 2038 577 2103; x_wconf 71' lang='lat' dir='ltr'><strong>vertere</strong></span> <span class='ocrx_word' id='word_1_135' title='bbox 589 2037 664 2095; x_wconf 88' lang='lat' dir='ltr'><strong>seria</strong></span> <span class='ocrx_word' id='word_1_136' title='bbox 675 2034 753 2112; x_wconf 86' lang='lat' dir='ltr'><strong>ludo,</strong></span> 
     </span>
    </p>

    <p class='ocr_par' dir='ltr' id='par_1_14' title="bbox 93 2118 910 2279">
     <span class='ocr_line' id='line_1_23' title="bbox 94 2118 910 2197; baseline 0.002 -20"><span class='ocrx_word' id='word_1_137' title='bbox 94 2118 155 2194; x_wconf 89' lang='lat' dir='ltr'><strong>Ne,</strong></span> <span class='ocrx_word' id='word_1_138' title='bbox 172 2120 334 2196; x_wconf 90' lang='lat' dir='ltr'><strong>quicunqne</strong></span> <span class='ocrx_word' id='word_1_139' title='bbox 345 2118 435 2194; x_wconf 86' lang='lat' dir='ltr'><strong>deus,</strong></span> <span class='ocrx_word' id='word_1_140' title='bbox 453 2120 614 2196; x_wconf 87' lang='lat' dir='ltr'><strong>quicunque</strong></span> <span class='ocrx_word' id='word_1_141' title='bbox 625 2118 803 2180; x_wconf 83' lang='lat' dir='ltr'><strong>adhibebitur</strong></span> <span class='ocrx_word' id='word_1_142' title='bbox 813 2121 910 2197; x_wconf 87' lang='lat' dir='ltr'><strong>heros,</strong></span> 
     </span>
     <span class='ocr_line' id='line_1_24' title="bbox 93 2200 744 2279; baseline 0.002 -19"><span class='ocrx_word' id='word_1_143' title='bbox 93 2200 196 2277; x_wconf 78' lang='lat' dir='ltr'><strong>Regali</strong></span> <span class='ocrx_word' id='word_1_144' title='bbox 208 2210 379 2279; x_wconf 87' lang='lat' dir='ltr'><strong>conspectus</strong></span> <span class='ocrx_word' id='word_1_145' title='bbox 390 2204 418 2261; x_wconf 87' lang='lat' dir='ltr'><strong>ia</strong></span> <span class='ocrx_word' id='word_1_146' title='bbox 429 2219 498 2261; x_wconf 88' lang='lat' dir='ltr'><strong>auro</strong></span> <span class='ocrx_word' id='word_1_147' title='bbox 512 2219 605 2279; x_wconf 86' lang='lat' dir='ltr'><strong>nuper</strong></span> <span class='ocrx_word' id='word_1_148' title='bbox 616 2210 645 2261; x_wconf 91' lang='lat' dir='ltr'><strong>et</strong></span> <span class='ocrx_word' id='word_1_149' title='bbox 656 2211 744 2277; x_wconf 89' lang='lat' dir='ltr'><strong>ostro,</strong></span> 
     </span>
    </p>

    <p class='ocr_par' dir='ltr' id='par_1_15' title="bbox 93 2283 814 2362">
     <span class='ocr_line' id='line_1_25' title="bbox 93 2283 814 2362; baseline 0.003 -19"><span class='ocrx_word' id='word_1_150' title='bbox 93 2283 197 2361; x_wconf 82' lang='lat' dir='ltr'><strong>Migret</strong></span> <span class='ocrx_word' id='word_1_151' title='bbox 207 2286 233 2343; x_wconf 91' lang='lat' dir='ltr'><strong>in</strong></span> <span class='ocrx_word' id='word_1_152' title='bbox 246 2285 382 2345; x_wconf 90' lang='lat' dir='ltr'><strong>obscuras</strong></span> <span class='ocrx_word' id='word_1_153' title='bbox 393 2285 489 2344; x_wconf 89' lang='lat' dir='ltr'><strong>humili</strong></span> <span class='ocrx_word' id='word_1_154' title='bbox 502 2302 635 2345; x_wconf 88' lang='lat' dir='ltr'><strong>sermone</strong></span> <span class='ocrx_word' id='word_1_155' title='bbox 650 2286 791 2362; x_wconf 83' lang='lat' dir='ltr'><strong>tabernas,</strong></span> <span class='ocrx_word' id='word_1_156' title='bbox 806 2338 814 2345; x_wconf 91' lang='lat'><em>.</em></span> 
     </span>
    </p>

    <p class='ocr_par' dir='ltr' id='par_1_16' title="bbox 90 2367 869 2527">
     <span class='ocr_line' id='line_1_26' title="bbox 93 2367 840 2447; baseline 0.003 -22"><span class='ocrx_word' id='word_1_157' title='bbox 93 2367 165 2443; x_wconf 81' lang='lat' dir='ltr'><strong>hut,</strong></span> <span class='ocrx_word' id='word_1_158' title='bbox 184 2367 326 2427; x_wconf 81' lang='lat' dir='ltr'><strong>dumvitat</strong></span> <span class='ocrx_word' id='word_1_159' title='bbox 336 2370 466 2444; x_wconf 87' lang='lat' dir='ltr'><strong>humum,</strong></span> <span class='ocrx_word' id='word_1_160' title='bbox 484 2369 574 2429; x_wconf 91' lang='lat' dir='ltr'><strong>nubes</strong></span> <span class='ocrx_word' id='word_1_161' title='bbox 590 2378 620 2428; x_wconf 93' lang='lat' dir='ltr'><strong>et</strong></span> <span class='ocrx_word' id='word_1_162' title='bbox 634 2370 724 2429; x_wconf 88' lang='lat' dir='ltr'><strong>luania</strong></span> <span class='ocrx_word' id='word_1_163' title='bbox 736 2377 840 2447; x_wconf 89' lang='lat' dir='ltr'><strong>captet.</strong></span> 
     </span>
     <span class='ocr_line' id='line_1_27' title="bbox 90 2449 869 2527; baseline -0.001 -18"><span class='ocrx_word' id='word_1_164' title='bbox 90 2449 210 2509; x_wconf 85' lang='lat' dir='ltr'><strong>Ellotire</strong></span> <span class='ocrx_word' id='word_1_165' title='bbox 225 2450 306 2509; x_wconf 86' lang='lat' dir='ltr'><strong>letes</strong></span> <span class='ocrx_word' id='word_1_166' title='bbox 321 2450 433 2525; x_wconf 77' lang='lat' dir='ltr'><strong>indigna</strong></span> <span class='ocrx_word' id='word_1_167' title='bbox 443 2450 589 2527; x_wconf 81' lang='lat' dir='ltr'><strong>tragoedia</strong></span> <span class='ocrx_word' id='word_1_168' title='bbox 599 2468 710 2525; x_wconf 85' lang='lat' dir='ltr'><strong>versus,</strong></span> <span class='ocrx_word' id='word_1_169' title='bbox 824 2498 833 2515; x_wconf 61' lang='lat'><strong>,</strong></span> <span class='ocrx_word' id='word_1_170' title='bbox 865 2476 869 2498; x_wconf 81' lang='grc' dir='ltr'>ι</span> 
     </span>
    </p>
   </div>
   <div class='ocr_carea' id='block_1_13' title="bbox 3 2531 690 2606">
    <p class='ocr_par' dir='ltr' id='par_1_17' title="bbox 3 2531 690 2606">
     <span class='ocr_line' id='line_1_28' title="bbox 3 2531 690 2606; baseline -0.004 -15"><span class='ocrx_word' id='word_1_171' title='bbox 3 2551 4 2600; x_wconf 83' lang='lat' dir='ltr'><strong>l</strong></span> <span class='ocrx_word' id='word_1_172' title='bbox 91 2533 130 2592; x_wconf 88' lang='lat' dir='ltr'><strong>Ut</strong></span> <span class='ocrx_word' id='word_1_173' title='bbox 140 2533 223 2591; x_wconf 86' lang='lat' dir='ltr'><strong>iestis</strong></span> <span class='ocrx_word' id='word_1_174' title='bbox 234 2542 359 2598; x_wconf 85' lang='lat' dir='ltr'><strong>matrona</strong></span> <span class='ocrx_word' id='word_1_175' title='bbox 369 2534 477 2592; x_wconf 84' lang='lat' dir='ltr'><strong>moveri</strong></span> <span class='ocrx_word' id='word_1_176' title='bbox 490 2534 568 2589; x_wconf 88' lang='lat' dir='ltr'><strong>iussa</strong></span> <span class='ocrx_word' id='word_1_177' title='bbox 579 2531 690 2606; x_wconf 91' lang='lat' dir='ltr'><strong>diebus,</strong></span> 
     </span>
    </p>
   </div>
   <div class='ocr_carea' id='block_1_14' title="bbox 89 2612 897 3371">
    <p class='ocr_par' dir='ltr' id='par_1_18' title="bbox 92 2612 808 2689">
     <span class='ocr_line' id='line_1_29' title="bbox 92 2612 808 2689; baseline -0.003 -16"><span class='ocrx_word' id='word_1_178' title='bbox 92 2614 224 2673; x_wconf 87' lang='lat' dir='ltr'><strong>intererit</strong></span> <span class='ocrx_word' id='word_1_179' title='bbox 236 2614 343 2688; x_wconf 72' lang='lat' dir='ltr'><strong>Satyris</strong></span> <span class='ocrx_word' id='word_1_180' title='bbox 360 2612 471 2688; x_wconf 90' lang='lat' dir='ltr'><strong>paulum</strong></span> <span class='ocrx_word' id='word_1_181' title='bbox 486 2612 646 2689; x_wconf 82' lang='lat' dir='ltr'><strong>pudibunda</strong></span> <span class='ocrx_word' id='word_1_182' title='bbox 658 2614 808 2689; x_wconf 87' lang='lat' dir='ltr'><strong>protervis.</strong></span> 
     </span>
    </p>

    <p class='ocr_par' dir='ltr' id='par_1_19' title="bbox 91 2694 846 2939">
     <span class='ocr_line' id='line_1_30' title="bbox 92 2694 818 2774; baseline -0.007 -17"><span class='ocrx_word' id='word_1_183' title='bbox 92 2696 158 2757; x_wconf 91' lang='lat' dir='ltr'><strong>Non</strong></span> <span class='ocrx_word' id='word_1_184' title='bbox 170 2712 226 2774; x_wconf 78' lang='lat' dir='ltr'><strong>ego</strong></span> <span class='ocrx_word' id='word_1_185' title='bbox 242 2698 408 2755; x_wconf 77' lang='lat' dir='ltr'><strong>inumataet</strong></span> <span class='ocrx_word' id='word_1_186' title='bbox 418 2695 586 2754; x_wconf 87' lang='lat' dir='ltr'><strong>dominantia</strong></span> <span class='ocrx_word' id='word_1_187' title='bbox 600 2697 710 2755; x_wconf 88' lang='lat' dir='ltr'><strong>nomina</strong></span> <span class='ocrx_word' id='word_1_188' title='bbox 725 2694 818 2754; x_wconf 88' lang='lat' dir='ltr'><strong>solum</strong></span> 
     </span>
     <span class='ocr_line' id='line_1_31' title="bbox 91 2776 846 2857; baseline -0.007 -19"><span class='ocrx_word' id='word_1_189' title='bbox 91 2780 260 2857; x_wconf 88' lang='lat' dir='ltr'><strong>Verbaque,</strong></span> <span class='ocrx_word' id='word_1_190' title='bbox 277 2779 411 2855; x_wconf 89' lang='lat' dir='ltr'><strong>Pisones,</strong></span> <span class='ocrx_word' id='word_1_191' title='bbox 428 2779 591 2853; x_wconf 77' lang='lat' dir='ltr'><strong>Satyrorum</strong></span> <span class='ocrx_word' id='word_1_192' title='bbox 603 2780 726 2855; x_wconf 85' lang='lat' dir='ltr'><strong>scriptor</strong></span> <span class='ocrx_word' id='word_1_193' title='bbox 736 2776 846 2851; x_wconf 90' lang='lat' dir='ltr'><strong>amabo,</strong></span> 
     </span>
     <span class='ocr_line' id='line_1_32' title="bbox 91 2860 669 2939; baseline -0.005 -17"><span class='ocrx_word' id='word_1_194' title='bbox 91 2861 155 2922; x_wconf 91' lang='lat' dir='ltr'><strong>Nec</strong></span> <span class='ocrx_word' id='word_1_195' title='bbox 167 2865 209 2921; x_wconf 90' lang='lat' dir='ltr'><strong>sic</strong></span> <span class='ocrx_word' id='word_1_196' title='bbox 221 2866 311 2923; x_wconf 88' lang='lat' dir='ltr'><strong>enitar</strong></span> <span class='ocrx_word' id='word_1_197' title='bbox 322 2864 431 2939; x_wconf 79' lang='lat' dir='ltr'><strong>tragico</strong></span> <span class='ocrx_word' id='word_1_198' title='bbox 443 2862 556 2921; x_wconf 78' lang='lat' dir='ltr'><strong>differre</strong></span> <span class='ocrx_word' id='word_1_199' title='bbox 568 2860 669 2936; x_wconf 88' lang='lat' dir='ltr'><strong>colori,</strong></span> 
     </span>
    </p>

    <p class='ocr_par' dir='ltr' id='par_1_20' title="bbox 89 2942 897 3188">
     <span class='ocr_line' id='line_1_33' title="bbox 90 2942 779 3021; baseline -0.007 -15"><span class='ocrx_word' id='word_1_200' title='bbox 90 2946 130 3006; x_wconf 93' lang='lat' dir='ltr'><strong>Ut</strong></span> <span class='ocrx_word' id='word_1_201' title='bbox 140 2945 208 3005; x_wconf 90' lang='lat' dir='ltr'><strong>nihil</strong></span> <span class='ocrx_word' id='word_1_202' title='bbox 224 2947 348 3020; x_wconf 87' lang='lat' dir='ltr'><strong>intersit,</strong></span> <span class='ocrx_word' id='word_1_203' title='bbox 364 2944 498 3005; x_wconf 85' lang='lat' dir='ltr'><strong>Davusne</strong></span> <span class='ocrx_word' id='word_1_204' title='bbox 509 2944 640 3021; x_wconf 88' lang='lat' dir='ltr'><strong>loquatur</strong></span> <span class='ocrx_word' id='word_1_205' title='bbox 651 2952 679 3001; x_wconf 92' lang='lat' dir='ltr'><strong>et</strong></span> <span class='ocrx_word' id='word_1_206' title='bbox 690 2942 779 3002; x_wconf 82' lang='lat' dir='ltr'><strong>arrdax</strong></span> 
     </span>
     <span class='ocr_line' id='line_1_34' title="bbox 90 3025 897 3104; baseline -0.006 -16"><span class='ocrx_word' id='word_1_207' title='bbox 90 3029 225 3104; x_wconf 73' lang='lat' dir='ltr'><strong>Pythias,</strong></span> <span class='ocrx_word' id='word_1_208' title='bbox 246 3037 375 3087; x_wconf 89' lang='lat' dir='ltr'><strong>emuncto</strong></span> <span class='ocrx_word' id='word_1_209' title='bbox 390 3028 497 3087; x_wconf 87' lang='lat' dir='ltr'><strong>lucrata</strong></span> <span class='ocrx_word' id='word_1_210' title='bbox 509 3025 625 3086; x_wconf 86' lang='lat' dir='ltr'><strong>Simone</strong></span> <span class='ocrx_word' id='word_1_211' title='bbox 640 3026 782 3102; x_wconf 86' lang='lat' dir='ltr'><strong>talentum,</strong></span> <span class='ocrx_word' id='word_1_212' title='bbox 891 3066 897 3073; x_wconf 81' lang='grc'><strong>-</strong></span> 
     </span>
     <span class='ocr_line' id='line_1_35' title="bbox 89 3108 744 3188; baseline -0.009 -16"><span class='ocrx_word' id='word_1_213' title='bbox 89 3113 137 3172; x_wconf 81' lang='lat' dir='ltr'><strong>Au</strong></span> <span class='ocrx_word' id='word_1_214' title='bbox 152 3121 251 3172; x_wconf 90' lang='lat' dir='ltr'><strong>custos</strong></span> <span class='ocrx_word' id='word_1_215' title='bbox 262 3111 440 3188; x_wconf 81' lang='lat' dir='ltr'><strong>famulusque</strong></span> <span class='ocrx_word' id='word_1_216' title='bbox 451 3110 496 3169; x_wconf 91' lang='lat' dir='ltr'><strong>dei</strong></span> <span class='ocrx_word' id='word_1_217' title='bbox 508 3109 621 3169; x_wconf 88' lang='lat' dir='ltr'><strong>Silenus</strong></span> <span class='ocrx_word' id='word_1_218' title='bbox 632 3108 744 3168; x_wconf 88' lang='lat' dir='ltr'><strong>alumni.</strong></span> 
     </span>
    </p>

    <p class='ocr_par' dir='ltr' id='par_1_21' title="bbox 89 3192 846 3371">
     <span class='ocr_line' id='line_1_36' title="bbox 89 3192 805 3271; baseline -0.007 -15"><span class='ocrx_word' id='word_1_219' title='bbox 89 3195 137 3256; x_wconf 84' lang='lat' dir='ltr'><strong>Ex</strong></span> <span class='ocrx_word' id='word_1_220' title='bbox 150 3205 218 3267; x_wconf 85' lang='lat' dir='ltr'><strong>noto</strong></span> <span class='ocrx_word' id='word_1_221' title='bbox 232 3197 326 3254; x_wconf 82' lang='lat' dir='ltr'><strong>luctum</strong></span> <span class='ocrx_word' id='word_1_222' title='bbox 342 3211 454 3252; x_wconf 88' lang='lat' dir='ltr'><strong>carmen</strong></span> <span class='ocrx_word' id='word_1_223' title='bbox 465 3210 585 3271; x_wconf 88' lang='lat' dir='ltr'><strong>sequar,</strong></span> <span class='ocrx_word' id='word_1_224' title='bbox 603 3202 633 3254; x_wconf 92' lang='lat' dir='ltr'><strong>ut</strong></span> <span class='ocrx_word' id='word_1_225' title='bbox 647 3193 700 3251; x_wconf 89' lang='lat' dir='ltr'><strong>sibi</strong></span> <span class='ocrx_word' id='word_1_226' title='bbox 713 3192 805 3269; x_wconf 88' lang='lat' dir='ltr'><strong>quivis</strong></span> 
     </span>
     <span class='ocr_line' id='line_1_37' title="bbox 91 3275 846 3371; baseline -0.009 -32"><span class='ocrx_word' id='word_1_227' title='bbox 91 3279 196 3357; x_wconf 88' lang='lat' dir='ltr'><strong>Speret</strong></span> <span class='ocrx_word' id='word_1_228' title='bbox 211 3277 305 3353; x_wconf 89' lang='lat' dir='ltr'><strong>idem,</strong></span> <span class='ocrx_word' id='word_1_229' title='bbox 319 3276 401 3335; x_wconf 87' lang='lat' dir='ltr'><strong>sudet</strong></span> <span class='ocrx_word' id='word_1_230' title='bbox 411 3275 526 3335; x_wconf 92' lang='lat' dir='ltr'><strong>multum</strong></span> <span class='ocrx_word' id='word_1_231' title='bbox 537 3276 697 3354; x_wconf 76' lang='lat' dir='ltr'><strong>frustraque</strong></span> <span class='ocrx_word' id='word_1_232' title='bbox 710 3276 820 3335; x_wconf 80' lang='lat' dir='ltr'><strong>laboret</strong></span> <span class='ocrx_word' id='word_1_233' title='bbox 838 3354 846 3371; x_wconf 37' lang='grc' dir='ltr'>ι</span> 
     </span>
    </p>
   </div>
   <div class='ocr_carea' id='block_1_15' title="bbox 0 0 1268 3942">
    <p class='ocr_par' dir='ltr' id='par_1_22' title="bbox 0 0 1268 3942">
     <span class='ocr_line' id='line_1_38' title="bbox 0 0 1268 3942; baseline 0 4"><span class='ocrx_word' id='word_1_234' title='bbox 0 0 1268 3942; x_wconf 95' lang='lat' dir='ltr'><strong> </strong></span> 
     </span>
    </p>
   </div>
  </div>
 </body>
</html>
