2525 3942
70 235 75 245 ·
132 227 253 307 [aaa]
527 175 656 289 niusa
671 228 694 289 1.
1041 229 1100 293 ιιι

216 378 319 456 Frigus
330 397 388 458 quo
400 379 554 457 duramque
564 380 667 440 iamenu
681 374 958 459 propellere'possit.

217 461 298 523 llunc
309 465 334 523 si
346 464 541 542 perconteris,
553 464 598 523 aui
613 482 664 523 cur
674 472 758 543 atque
774 467 898 541 parentis

86 550 91 555 '
147 592 153 596 .
217 545 392 606 Praeclaram
406 547 512 624 ingrata
525 547 644 625 stringat
655 547 745 608 nialus
755 548 880 625 ingluvie
891 567 962 625 rem,

218 628 318 690 Omnia
328 630 476 690 conductis
488 637 624 699 ‚co'e'mens
636 631 755 692 obsonia
765 634 900 700 nummis;

169 762 173 765 .
218 711 355 773 Sordidus
367 722 453 792 atque
467 714 551 773 animi
564 713 641 791 qnod
656 717 735 792 parvi
745 714 816 774 nolit
830 716 937 791 baberi,
1062 717 1102 776 10

137 843 141 849 .
218 795 396 874 Respondet.
416 796 554 857 Laudatur
565 797 600 857 ab
612 798 668 874 his,
686 798 859 876 culpaturab
871 798 937 858 illis.

197 910 200 915 ·
218 879 344 939 Fufidius
355 898 466 958 vappae
477 880 577 940 famam
587 883 667 941 timet
682 898 716 940 ao
726 880 887 958 nebulonis,

150 978 155 990 ‘
218 963 308 1023 Dives
323 965 410 1041 apris,
427 964 506 1024 diues
517 966 619 1044 positis
630 965 659 1024 in
673 964 935 1043 foenorepummis:
1018 1024 1020 1029 ,

220 1046 327 1119 Quinas
340 1048 388 1107 hic
400 1050 486 1126 capiti
502 1048 652 1108 mercedes
666 1057 802 1124 exsecat,
816 1057 903 1128 atque

219 1130 331 1203 Quanto
346 1132 614 1210 perditiorqnisque
626 1142 688 1209 est,
704 1141 780 1192 tanto
792 1134 885 1199 acrius
901 1139 999 1209 orgen
1062 1133 1100 1192 15

159 1212 916 1294 'mmmmmmffi'

219 1298 278 1358 Sub
292 1300 417 1375 patribus
429 1299 507 1360 duris
519 1301 651 1360 tironum.
664 1298 843 1376 '„llauime“
858 1300 922 1379 quis
933 1315 1004 1374 non,

219 1380 411 1459 „luppiterl“
430 1382 583 1459 exclamat,
602 1382 783 1461 simulatque
802 1380 928 1444 audivit?
949 1382 1018 1452 lat

822 1484 851 1525 na
866 1485 899 1525 sc

219 1546 274 1607 Pro
286 1556 405 1626 quaestu
417 1556 537 1607 sumtum
547 1547 616 1607 iacit
626 1548 683 1609 hic.
701 1552 721 1617 9
726 1548 782 1609 Vix
792 1548 911 1609 credere
923 1548 1030 1625 possis,

220 1629 311 1704 Quam
325 1630 447 1697 sibinen
461 1631 499 1689 sit
509 1632 632 1705 amicus,
644 1632 683 1691 ita
694 1640 724 1690 ut
735 1639 816 1707 pater
826 1632 891 1707 ille,
904 1630 1018 1690 Terenti
1062 1634 1103 1693 20

104 1783 113 1791 .
218 1713 325 1774 Fabula
336 1731 421 1792 quem
434 1715 568 1773 miserum
581 1723 667 1793 gnato
681 1716 789 1774 vixisse
800 1713 909 1791 fugato*
924 1728 928 1738 ¹

219 1794 345 1874 lnducit,
360 1814 418 1858 non
432 1816 465 1857 se
477 1799 559 1876 peius
577 1798 746 1881 cruciaverit
757 1805 842 1877 atque
853 1798 910 1857 hie.
1049 1867 1052 1874 ¹

220 1881 328 1960 Siquis
338 1898 412 1941 nunc
422 1875 540 1959 quaerat
563 1879 655 1959 „Quo
674 1881 810 1945 resbace
831 1878 1016 1960 portinetl“:

818 1965 899 2025 illuc:

113 2044 127 2111 ζ
218 2046 300 2110 Dum
310 2050 598 2124 citantstnlticitia,
611 2049 964 2111 incontrcaicccrruat.

219 2129 352 2192 llaltinus
368 2134 470 2193 tunicis
484 2132 614 2193 demissis
625 2130 819 2201 ambulem-cet
830 2134 878 2210 qui
1063 2130 1101 2191 25

220 2212 329 2293 luguen
345 2215 381 2275 ad
395 2217 570 2278 obscoenum
582 2215 728 2281 subductis
743 2234 835 2294 usque
847 2216 975 2284 iacctus;

136 2327 143 2333 -
220 2297 352 2360 Pastillos
364 2299 484 2361 Rufillus
495 2300 571 2376 olet,
584 2298 744 2378 Gorgonius
755 2300 873 2361 hircum.

220 2380 267 2441 llil
278 2383 401 2444 medium
412 2393 465 2444 est.
489 2385 560 2444 Sunt
570 2386 618 2462 qni
633 2382 862 2461 nolinttotigisse
876 2384 930 2443 nisi
943 2381 1016 2458 illas,
1126 2406 1132 2419 e

221 2463 346 2538 Quarum
356 2467 474 2526 subsuta
489 2467 562 2525 talos
574 2476 652 2542 tegat
662 2468 757 2527 instita
765 2475 871 2535 vestes

222 2545 326 2607 Contra
336 2547 409 2607 alius
418 2547 523 2610 nullum
533 2550 587 2607 nisi
600 2548 688 2607 olenti
699 2551 727 2607 in
741 2549 850 2608 fornice
862 2557 992 2608 stantem.
1061 2549 1104 2621 30

223 2628 343 2700 Quidam
353 2639 438 2698 notus
450 2630 536 2690 bomo
548 2647 612 2690 oum
627 2631 719 2689 exiret
730 2630 855 2707 fornice,
869 2629 986 2706 „lllaote

222 2711 357 2789 „Virtute
368 2715 457 2772 esto“
469 2713 559 2791 iuquit
572 2714 711 2773 sententia
723 2712 768 2772 dia
779 2710 910 2773 Catonis:

222 2794 318 2871 „Nam
329 2795 413 2856 simul
422 2813 458 2857 nc
471 2814 560 2855 venas
574 2795 680 2857 inflavit
690 2804 762 2856 tetra
772 2795 872 2877 libido,

117 2932 121 2937 ,
222 2877 438 2956 „lluoiuvenes
450 2896 572 2959 aequum
586 2888 631 2939 est
643 2878 829 2957 descendere,
845 2897 902 2941 non
914 2880 1019 2942 alienas

221 2962 560 3041 „Permolerennores.“
574 2961 1021 3045 -„Nolimlaudarier“inquit
1061 2966 1102 3031 35

196 3060 202 3070 ¹
220 3047 294 3124 „Sic
305 3050 374 3109 me“
386 3049 501 3109 rnirater
512 3049 594 3108 cunni
607 3045 781 3126 Cupiennius
794 3048 861 3111 albi.

219 3131 325 3191 andire
337 3140 383 3193 est
397 3148 505 3209 operae
516 3132 673 3209 praetium,
689 3133 848 3210 procedere
858 3145 939 3203 recte

220 3213 277 3289 Qui
288 3216 425 3276 moechos
434 3233 495 3277 non
504 3215 601 3295 vultis,
618 3225 650 3277 ut
660 3218 735 3277 omni
750 3226 830 3296 parte
840 3218 980 3296 laborent,

218 3297 314 3377 thue
328 3296 385 3360 illis
398 3298 486 3361 multo
499 3309 631 3379 corrupta
643 3300 744 3361 dolore
757 3302 899 3381 voluptas,
