2525 3942
137 198 143 211 ’
191 230 256 294 ιιι
538 228 802 339 ιιιιιοιιιιι
1017 222 1168 311 [opiam

275 382 423 460 Creditur,
442 380 586 443 exmedio
597 398 664 460 qnia
674 400 721 443 res
733 385 870 461 arcessit
885 384 992 445 babere

274 466 394 544 Sndnris
404 466 565 541 minimum,
577 464 975 528 sedbabetoomoediatanto

160 617 164 622 ,
192 553 254 618 170
274 551 341 611 Plus
353 551 464 627 onena,
481 557 586 628 quanto
597 566 700 609 veniae
711 566 812 611 minus
834 550 979 628 Adspice,
1000 550 1137 613 Plautus

275 634 341 708 Quo
354 642 439 713 pacto
450 641 547 711 partes
557 640 664 693 tntetnr
673 636 791 694 amantis
796 635 917 713 ephebi,

163 794 166 800 1
274 718 412 796 Utpatrrs
422 718 543 793 attenti
558 715 671 775 lenonis
683 726 713 777 ut
724 718 896 786 insidiosi,

158 836 165 852 ι
275 797 403 875 Quantus
415 802 452 860 sit
462 801 632 861 Dossennus
644 798 779 861 edacibus
792 803 820 861 in
831 803 973 879 parasitis,

275 884 366 958 Quam
377 900 434 944 noo
442 882 580 943 adstricto
594 894 740 960 percurrat
750 884 857 963 pulpita
869 899 974 945 socco:

194 972 255 1034 175
279 966 372 1028 Gestit
383 967 458 1028 enim
469 981 610 1027 nummum
621 968 650 1025 in
661 965 774 1027 loculos
786 968 951 1045 demittere,
968 976 1035 1046 post
1045 968 1101 1029 boe

277 1051 419 1127 Securus,
438 1049 520 1110 eadat
530 1068 565 1109 ιιι
575 1058 656 1110 recto
672 1059 728 1110 stet
741 1050 835 1111 fabula
849 1052 917 1111 talo

277 1133 368 1207 Quem
379 1133 443 1202 tulit
452 1133 488 1193 ad
502 1150 616 1193 scenam
626 1142 748 1194 ventoso
762 1132 858 1196 Gloria
869 1152 962 1211 cumn,

275 1216 422 1279 Exanimat
435 1216 529 1277 lentus
541 1226 704 1295 spectator,
725 1218 841 1279 sedulus
857 1217 947 1279 indam

276 1299 326 1359 Sic
337 1299 423 1376 leve,
435 1301 478 1359 sio
490 1317 606 1377 parvum
618 1309 680 1376 est,
700 1304 819 1361 animuin
830 1301 906 1379 quod
918 1300 1008 1361 laudis
1020 1318 1138 1365 ararurn

197 1388 255 1447 100
276 1382 391 1443 Subruit
395 1390 449 1443 ant
458 1383 560 1443 redcat
582 1381 684 1443 Valeat
694 1402 741 1444 res
755 1384 877 1461 ludicra,
899 1386 923 1444 si
935 1402 980 1444 me

276 1464 370 1526 Palma
380 1474 482 1545 negata
493 1484 633 1543 macrum,
652 1467 753 1527 donata
767 1466 876 1527 reducit
887 1470 1020 1546 opimum

277 1550 372 1627 Saepe
386 1552 469 1610 etiam
480 1539 618 1609 audacem
631 1550 710 1627 fugat
721 1550 777 1610 hoc
791 1559 935 1629 terretque
947 1556 1072 1629 pettam,

277 1632 363 1707 Quod
373 1650 490 1692 numero
501 1625 615 1711 piures,
633 1635 735 1692 virtute
747 1642 776 1693 et
787 1635 896 1695 bonore
907 1637 1041 1711 minores,

276 1715 387 1777 lndocti
397 1716 551 1796 stolidique
563 1724 592 1775 et
602 1716 766 1794 depugnare
779 1715 878 1795 parati,

176 1802 256 1865 =185
278 1799 309 1861 Si
322 1799 586 1878 discordeteques,
603 1799 715 1859 nledia
707 1810 781 1861 inter
791 1803 911 1861 carmina
922 1782 1042 1878 poscunt

277 1878 335 1943 rut
344 1901 440 1943 ursum
452 1892 500 1943 aut
511 1883 639 1961 pugiles:
656 1884 701 1944 bis
712 1902 775 1944 nam
787 1884 938 1963 plebecula
952 1882 1067 1962 plaudit.

276 1967 381 2027 Verum
392 1969 495 2047 equitis
508 1974 622 2046 quoque
634 1969 688 2028 iam
699 1970 830 2047 migrauit
840 1968 875 2028 ab
887 1986 954 2029 anre
965 1967 1098 2045 ιοΙιρῐιι

164 2115 174 2127 ‚
278 2050 376 2112 Omnis
387 2050 442 2111 ad
434 2060 559 2112 incertos
573 2050 674 2112 oculos
689 2061 719 2112 et
730 2052 833 2131 gaudia
844 2069 925 2112 rana

277 2132 417 2206 Quattuor
426 2143 474 2193 aut
486 2134 582 2212 plures
593 2134 692 2195 aulaea
706 2137 886 2213 premuntnr'
878 2154 906 2195 ιιι
917 2134 1013 2209 horas,
1095 2152 1099 2157 ·

85 2257 91 2270 ,
178 2247 182 2285 ι
194 2218 256 2281 190
275 2214 350 2277 Dum
361 2215 472 2293 lugiunt
483 2218 609 2295 equiturn
622 2224 729 2277 turmae
743 2218 925 2296 peditumque
937 2226 1082 2287 catervae;

171 2325 174 2334 ¹
187 2332 197 2344 »
277 2298 346 2360 Mox
360 2300 476 2359 trabitur
484 2301 611 2360 menibus
623 2318 722 2377 regum
735 2301 846 2360 ionuna
859 2303 984 2379 retortis,

276 2381 549 2458 Essedulestinant,
569 2381 691 2459 pilenta,
711 2386 864 2461 petorrita,
882 2402 981 2463 naves,

280 2464 428 2544 Captivum
440 2473 566 2544 portatur
577 2465 662 2542 ebur,
679 2470 790 2545 captiva
802 2466 964 2528 Corinthos.

279 2550 310 2610 Si
321 2550 397 2611 loret
407 2552 435 2611 in
445 2550 545 2625 terris,
560 2548 666 2610 rideret
676 2548 872 2629 Democritus,
890 2570 941 2611 seu

195 2636 256 2699 195
277 2631 560 2700 Diversumconlusa
569 2650 662 2711 penus
677 2636 811 2714 panthera
823 2635 934 2696 camelo

280 2717 348 2777 Siue
360 2717 478 2795 elephas
488 2715 569 2776 albus
583 2716 662 2795 vulgi
678 2728 858 2779 conuerteret
869 2736 932 2786 craz

279 2801 430 2877 spectaret
439 2798 577 2878 populum
587 2799 662 2861 ludis
674 2805 806 2863 attentius
817 2804 899 2880 ipsis,

226 2882 315 2943 Ut
326 2882 381 2943 sibi
393 2883 574 2961 praebentem
585 2887 670 2944 mimo
683 2884 850 2965 spectacula
858 2884 948 2961 plura,

280 2965 443 3045 Scriptores
454 2975 549 3026 autem
561 2984 675 3028 namara
688 2977 798 3047 putaret
808 2966 898 3027 asello

196 3040 260 3116 200
279 3046 425 3109 Fabellam
436 3049 533 3110 surdo.
555 3049 627 3109 liam
639 3069 712 3129 quae
724 3052 892 3137 pervincere
902 3064 993 3125 nopes

278 3120 547 3209 Eualueresonum,
563 3132 690 3195 reiemnt
704 3129 1033 3213 qnemnostrutbeatral

281 3212 440 3293 Gugmnm
449 3217 560 3295 mugire
571 3224 655 3295 putes
667 3236 765 3279 neruus
777 3226 824 3279 aut
832 3234 910 3277 mare
921 3214 1055 3293 Tuscum,

280 3297 370 3359 Tanto
383 3316 447 3359 cum
458 3300 578 3378 strepitu
590 3299 650 3361 ludi
664 3310 828 3381 spectantur
836 3308 865 3359 et
876 3307 951 3360 artes
1002 3360 1004 3368 ,

1027 2456 1033 2493 1
1188 2488 1191 2495 .

1112 2508 1117 2518 X
