2525 3942
97 240 168 309 [snt.
182 242 206 299 l.
218 240 257 307 2]
500 238 611 301 LIBER
626 240 664 301 11.
1006 240 1068 305 173
1130 251 1140 258 “

57 403 61 409 ·
180 384 361 447 Ineutinttibi
373 388 853 468 quidennetnrnminenitiulegurn:

181 469 212 529 Si
223 470 296 530 mela
306 471 465 533 condiderit
475 475 504 533 in
523 491 607 552 quern
621 476 686 553 quis
698 475 838 549 ceruina,
850 474 895 535 iun
909 482 955 535 eet

179 549 385 633 Iudiciumque.
407 554 514 620 Horat.
527 556 616 634 Esto,
629 559 654 617 si
671 559 734 636 quis
745 555 830 625 malm
842 556 893 615 sed
904 557 979 619 bona

179 717 278 779 ludite
289 719 447 781 condiderit
457 721 585 784 laudatus
600 656 859 801 Caesusrleaeisquie

179 800 348 880 opprobriis
359 804 473 883 dignum
484 805 642 881 intraverit,
659 808 772 883 integer
782 802 869 883 ipse?
1021 810 1062 871 85

56 944 60 953 ,
181 883 303 948 Trebut.
326 887 686 965 Solventurrisutnbulue,
698 898 728 949 tu
739 889 842 948 missus
854 887 955 949 abibis.

449 1184 637 1244 snum
652 1188 706 1245 11.
812 1170 817 1179 '

176 1297 258 1371 Quae
270 1298 359 1357 virtus
374 1307 405 1358 et
414 1307 533 1376 quanta,
545 1300 633 1374 boni,
645 1301 682 1359 eit
693 1302 791 1361 vivere
803 1317 903 1378 parve,
916 1336 930 1345 -

174 1378 324 1440 Neomeun
334 1380 382 1440 hie
394 1398 489 1439 termo
500 1381 617 1455 eet‚sed
626 1400 700 1460 quae
712 1386 860 1461 praecepit
870 1382 982 1443 Ofellus

173 1462 325 1539 Rusticus,
342 1462 484 1522 nhnornris
495 1466 609 1541 sapiens
620 1482 774 1544 orasseque
785 1464 946 1541 Minerva,-

173 1545 285 1606 Discite
295 1563 352 1606 uon
363 1548 439 1605 inter
448 1544 546 1605 luneen
556 1564 727 1624 mensaeque
737 1550 870 1623 nitentes,

174 1627 247 1689 cnm
258 1638 354 1707 stupet
367 1629 474 1689 insunie
484 1630 564 1689 neiee
574 1628 735 1706 fulgoribus
747 1640 776 1689 et
792 1648 855 1689 eum
888 1686 896 1701 „
1037 1634 1055 1693 5

173 1711 300 1773 Aeolinie
312 1710 393 1773 falsis
404 1712 511 1772 animus
526 1710 645 1773 meliore
656 1722 779 1788 renuent,

172 1795 279 1856 Verum
292 1796 340 1855 hie
351 1797 484 1874 impransi
495 1813 606 1872 meeum
617 1794 775 1873 disquirite.
799 1794 943 1856 Curhoni

171 1880 289 1956 Dicam,
302 1882 327 1939 si
342 1888 455 1958 potero.
477 1878 553 1939 Male
563 1897 663 1939 verum
675 1881 812 1939 examinet
824 1881 914 1941 omnis

173 1961 331 2043 Corruptus
340 1962 435 2023 iudex.
457 1962 598 2040 Leporem
609 1971 734 2023 sectatus
747 1980 861 2041 equove

171 2045 852 2123 hemeahindomito,vei,silionnenaietigut
1016 2051 1056 2110 10

171 2129 271 2191 ilittria
281 2130 430 2191 adsuetum
439 2132 584 2209 graecari,
600 2148 653 2191 seu
665 2130 723 2208 nile
733 2128 819 2191 uelox

170 2213 295 2274 dieliiter
306 2223 449 2275 austerum
460 2213 553 2273 studio
565 2213 682 2275 iuliente
694 2213 819 2275 laborem

170 2298 229 2357 Seu
243 2308 272 2359 te
284 2299 381 2357 disens
391 2300 468 2375 egit,
481 2307 549 2375 pete
561 2298 712 2358 cedentem
723 2304 789 2357 nitra
804 2296 901 2357 disee:

59 2437 64 2446 .
170 2378 241 2441 Gurn
252 2380 333 2441 labor
344 2378 622 2451 extuderitinstidiu3
634 2384 745 2456 sinens,
759 2382 849 2440 inanis

169 2464 281 2541 Sperne
292 2464 386 2524 eibum
396 2464 566 2539 vitem,nisi
576 2463 718 2539 Hymettia
731 2462 815 2523 medin
826 2462 947 2523 Falerno
1013 2466 1052 2527 15

169 2546 214 2606 Ne
229 2545 338 2605 biberin
348 2546 445 2605 diluta.
467 2545 551 2605 Foris
562 2556 608 2604 est
618 2562 750 2622 promus,
764 2554 794 2603 et
807 2554 896 2615 atrurn

168 2627 335 2688 Defendens
347 2630 444 2707 pisces
453 2626 558 2687 hiemat
568 2645 659 2687 mare:
674 2645 737 2686 eum
749 2626 810 2685 eale
821 2628 901 2703 penit
1022 2666 1027 2671 -

52 2696 66 2723 ⁰
168 2709 327 2771 Lntrnntern
338 2710 512 2770 etumnelrum
522 2709 596 2770 hene
607 2710 705 2769 leniet.
727 2708 809 2770 Unde
820 2717 902 2787 putas
913 2718 960 2771 eut

170 2794 227 2867 Qui
242 2791 372 2873 parturn?
385 2792 450 2853 Non
462 2795 492 2853 in
507 2809 573 2853 euro
586 2792 687 2855 nidore
699 2792 832 2869 voluptas

169 2878 298 2954 Summa,
311 2877 364 2937 sed
374 2878 443 2937 inte
454 2878 520 2955 ipen
535 2885 588 2937 est.
611 2876 653 2937 Tu
667 2876 850 2955 pulmentaria
864 2894 969 2956 quaere
1011 2882 1053 2945 20

168 2960 317 3022 Sudnndo:
332 2959 716 3040 pinguenvitiienlbumque
731 2978 825 3039 neque
836 2970 932 3022 ostrea

167 3043 231 3104 Nee
242 3063 340 3105 seems
351 3053 398 3105 aut
408 3047 513 3122 poterit
525 3046 676 3123 peregrina
686 3046 784 3105 iuuere
795 3044 899 3123 laguis.

166 3128 222 3188 Vix
234 3139 327 3189 tumen
339 3131 472 3207 eripiam,
484 3129 580 3207 punito
591 3146 703 3208 puuone
713 3127 785 3189 uelis
798 3130 865 3209 quin

54 3256 59 3268 e
166 3210 230 3271 lioe
243 3215 434 3292 potiusquam
444 3212 548 3290 gniiinn
562 3220 678 3291 tergere
690 3212 823 3291 potatum,

100 3293 104 3301 '
168 3293 416 3375 Corruptuevnnis
431 3314 541 3374 rerum,
558 3298 818 3375 quinveneuteure
1010 3298 1050 3362 25
