<?xml version="1.0" encoding="UTF-8"?>
<!DOCTYPE html PUBLIC "-//W3C//DTD XHTML 1.0 Transitional//EN"
    "http://www.w3.org/TR/xhtml1/DTD/xhtml1-transitional.dtd">
<html xmlns="http://www.w3.org/1999/xhtml" xml:lang="en" lang="en">
 <head>
  <title>
</title>
<meta http-equiv="Content-Type" content="text/html;charset=utf-8" />
  <meta name='ocr-system' content='tesseract 3.04.00' />
  <meta name='ocr-capabilities' content='ocr_page ocr_carea ocr_par ocr_line ocrx_word'/>
</head>
<body>
  <div class='ocr_page' id='page_1' title='image "./qhoratiiflaccio02schmgoog_0170.png"; bbox 0 0 2525 3942; ppageno 0'>
   <div class='ocr_carea' id='block_1_1' title="bbox 408 239 622 303">
    <p class='ocr_par' dir='ltr' id='par_1_1' title="bbox 408 239 622 303">
     <span class='ocr_line' id='line_1_1' title="bbox 408 239 622 303; baseline 0 -1"><span class='ocrx_word' id='word_1_1' title='bbox 408 239 622 303; x_wconf 68' lang='grc' dir='ltr'><strong>108Α</strong></span> 
     </span>
    </p>
   </div>
   <div class='ocr_carea' id='block_1_2' title="bbox 411 649 492 713">
    <p class='ocr_par' dir='ltr' id='par_1_2' title="bbox 411 649 492 713">
     <span class='ocr_line' id='line_1_2' title="bbox 411 649 492 713; baseline -0.037 0"><span class='ocrx_word' id='word_1_2' title='bbox 411 649 492 713; x_wconf 86' lang='grc'><strong>20</strong></span> 
     </span>
    </p>
   </div>
   <div class='ocr_carea' id='block_1_3' title="bbox 414 1146 493 1208">
    <p class='ocr_par' dir='ltr' id='par_1_3' title="bbox 414 1146 493 1208">
     <span class='ocr_line' id='line_1_3' title="bbox 414 1146 493 1208; baseline -0.013 0"><span class='ocrx_word' id='word_1_3' title='bbox 414 1146 493 1208; x_wconf 87' lang='grc'><strong>25</strong></span> 
     </span>
    </p>
   </div>
   <div class='ocr_carea' id='block_1_4' title="bbox 428 2744 572 2863">
    <p class='ocr_par' dir='ltr' id='par_1_4' title="bbox 428 2744 572 2863">
     <span class='ocr_line' id='line_1_4' title="bbox 428 2744 572 2863; baseline 0.049 -28"><span class='ocrx_word' id='word_1_4' title='bbox 428 2744 507 2836; x_wconf 83' lang='lat'><strong>10</strong></span> <span class='ocrx_word' id='word_1_5' title='bbox 554 2837 572 2863; x_wconf 34' lang='grc' dir='ltr'><strong>Ι,</strong></span> 
     </span>
    </p>
   </div>
   <div class='ocr_carea' id='block_1_5' title="bbox 1170 185 2334 313">
    <p class='ocr_par' dir='ltr' id='par_1_5' title="bbox 1170 185 2334 313">
     <span class='ocr_line' id='line_1_5' title="bbox 1170 185 2334 313; baseline -0.011 -22"><span class='ocrx_word' id='word_1_6' title='bbox 1170 217 1583 299; x_wconf 54' lang='grc' dir='ltr'>ΟᾹΒΜΙΝΠΜ,</span> <span class='ocrx_word' id='word_1_7' title='bbox 1623 309 1631 313; x_wconf 22' lang='lat'><em>⁷</em></span> <span class='ocrx_word' id='word_1_8' title='bbox 1952 223 2076 298; x_wconf 80' lang='lat' dir='ltr'><strong>[od.</strong></span> <span class='ocrx_word' id='word_1_9' title='bbox 2102 224 2187 278; x_wconf 77' lang='lat'><strong>12.</strong></span> <span class='ocrx_word' id='word_1_10' title='bbox 2218 185 2334 295; x_wconf 61' lang='lat'><strong>13]</strong></span> 
     </span>
    </p>
   </div>
   <div class='ocr_carea' id='block_1_6' title="bbox 706 376 1754 463">
    <p class='ocr_par' dir='ltr' id='par_1_6' title="bbox 706 376 1754 463">
     <span class='ocr_line' id='line_1_6' title="bbox 706 376 1754 463; baseline -0.014 -14"><span class='ocrx_word' id='word_1_11' title='bbox 706 387 879 449; x_wconf 86' lang='lat' dir='ltr'><strong>Nardi</strong></span> <span class='ocrx_word' id='word_1_12' title='bbox 904 401 1109 463; x_wconf 80' lang='lat' dir='ltr'><strong>parvus</strong></span> <span class='ocrx_word' id='word_1_13' title='bbox 1141 399 1293 459; x_wconf 78' lang='lat' dir='ltr'><strong>onyx</strong></span> <span class='ocrx_word' id='word_1_14' title='bbox 1315 380 1508 440; x_wconf 82' lang='lat' dir='ltr'><strong>eliciet</strong></span> <span class='ocrx_word' id='word_1_15' title='bbox 1536 376 1754 452; x_wconf 85' lang='lat' dir='ltr'><strong>cadum,</strong></span> 
     </span>
    </p>
   </div>
   <div class='ocr_carea' id='block_1_7' title="bbox 630 461 1809 547">
    <p class='ocr_par' dir='ltr' id='par_1_7' title="bbox 630 461 1809 547">
     <span class='ocr_line' id='line_1_7' title="bbox 630 461 1809 547; baseline -0.014 -13"><span class='ocrx_word' id='word_1_16' title='bbox 630 491 640 506; x_wconf 80' lang='lat'><strong><em>‘</em></strong></span> <span class='ocrx_word' id='word_1_17' title='bbox 709 472 822 547; x_wconf 88' lang='lat' dir='ltr'><strong>Qui</strong></span> <span class='ocrx_word' id='word_1_18' title='bbox 841 487 990 530; x_wconf 89' lang='lat' dir='ltr'><strong>nunc</strong></span> <span class='ocrx_word' id='word_1_19' title='bbox 1017 467 1288 545; x_wconf 81' lang='lat' dir='ltr'><strong>Sulpiciis</strong></span> <span class='ocrx_word' id='word_1_20' title='bbox 1311 463 1548 524; x_wconf 78' lang='lat' dir='ltr'><strong>accubat</strong></span> <span class='ocrx_word' id='word_1_21' title='bbox 1568 461 1809 536; x_wconf 74' lang='lat' dir='ltr'><strong>borrei5‚</strong></span> 
     </span>
    </p>
   </div>
   <div class='ocr_carea' id='block_1_8' title="bbox 710 548 1828 699">
    <p class='ocr_par' dir='ltr' id='par_1_8' title="bbox 710 548 1828 699">
     <span class='ocr_line' id='line_1_8' title="bbox 710 548 1828 634; baseline -0.012 -19"><span class='ocrx_word' id='word_1_22' title='bbox 710 557 859 634; x_wconf 90' lang='lat' dir='ltr'><strong>Spes</strong></span> <span class='ocrx_word' id='word_1_23' title='bbox 882 552 1093 613; x_wconf 86' lang='lat' dir='ltr'><strong>donare</strong></span> <span class='ocrx_word' id='word_1_24' title='bbox 1114 567 1292 610; x_wconf 86' lang='lat' dir='ltr'><strong>novas</strong></span> <span class='ocrx_word' id='word_1_25' title='bbox 1315 548 1507 625; x_wconf 86' lang='lat' dir='ltr'><strong>largus</strong></span> <span class='ocrx_word' id='word_1_26' title='bbox 1531 560 1828 623; x_wconf 84' lang='lat' dir='ltr'><strong>amaraque</strong></span> 
     </span>
     <span class='ocr_line' id='line_1_9' title="bbox 777 632 1527 699; baseline -0.013 0"><span class='ocrx_word' id='word_1_27' title='bbox 777 636 1063 699; x_wconf 82' lang='lat' dir='ltr'><strong>-Curarum</strong></span> <span class='ocrx_word' id='word_1_28' title='bbox 1087 634 1281 695; x_wconf 88' lang='lat' dir='ltr'><strong>eluere</strong></span> <span class='ocrx_word' id='word_1_29' title='bbox 1305 632 1527 691; x_wconf 85' lang='lat' dir='ltr'><strong>efficax.</strong></span> 
     </span>
    </p>
   </div>
   <div class='ocr_carea' id='block_1_9' title="bbox 706 744 1861 917">
    <p class='ocr_par' dir='ltr' id='par_1_9' title="bbox 706 744 1861 917">
     <span class='ocr_line' id='line_1_10' title="bbox 709 744 1861 845; baseline -0.01 -21"><span class='ocrx_word' id='word_1_30' title='bbox 709 763 798 824; x_wconf 87' lang='lat' dir='ltr'><strong>Ad</strong></span> <span class='ocrx_word' id='word_1_31' title='bbox 822 779 967 842; x_wconf 85' lang='lat' dir='ltr'><strong>quae</strong></span> <span class='ocrx_word' id='word_1_32' title='bbox 992 763 1041 820; x_wconf 91' lang='lat' dir='ltr'><strong>si</strong></span> <span class='ocrx_word' id='word_1_33' title='bbox 1064 744 1342 845; x_wconf 70' lang='lat' dir='ltr'><strong>properas</strong></span> <span class='ocrx_word' id='word_1_34' title='bbox 1365 755 1590 834; x_wconf 83' lang='lat' dir='ltr'><strong>gaudia,</strong></span> <span class='ocrx_word' id='word_1_35' title='bbox 1618 763 1743 814; x_wconf 88' lang='lat' dir='ltr'><strong>cum</strong></span> <span class='ocrx_word' id='word_1_36' title='bbox 1765 762 1861 813; x_wconf 83' lang='lat' dir='ltr'><strong>tua</strong></span> 
     </span>
     <span class='ocr_line' id='line_1_11' title="bbox 706 839 1836 917; baseline -0.011 -10"><span class='ocrx_word' id='word_1_37' title='bbox 706 846 895 907; x_wconf 83' lang='lat' dir='ltr'>Velox</span> <span class='ocrx_word' id='word_1_38' title='bbox 914 863 1105 905; x_wconf 89' lang='lat' dir='ltr'><strong>merce</strong></span> <span class='ocrx_word' id='word_1_39' title='bbox 1127 845 1289 903; x_wconf 84' lang='lat' dir='ltr'><strong>veui:</strong></span> <span class='ocrx_word' id='word_1_40' title='bbox 1334 858 1449 900; x_wconf 87' lang='lat' dir='ltr'><strong>nou</strong></span> <span class='ocrx_word' id='word_1_41' title='bbox 1477 857 1588 917; x_wconf 87' lang='lat' dir='ltr'><strong>ego</strong></span> <span class='ocrx_word' id='word_1_42' title='bbox 1613 848 1669 898; x_wconf 81' lang='lat' dir='ltr'><strong>te</strong></span> <span class='ocrx_word' id='word_1_43' title='bbox 1693 839 1836 896; x_wconf 88' lang='lat' dir='ltr'><strong>meis</strong></span> 
     </span>
    </p>
   </div>
   <div class='ocr_carea' id='block_1_10' title="bbox 617 919 1792 1001">
    <p class='ocr_par' dir='ltr' id='par_1_10' title="bbox 617 919 1792 1001">
     <span class='ocr_line' id='line_1_12' title="bbox 617 919 1792 1001; baseline -0.01 -10"><span class='ocrx_word' id='word_1_44' title='bbox 617 956 620 965; x_wconf 91' lang='lat'>·</span> <span class='ocrx_word' id='word_1_45' title='bbox 709 931 1013 991; x_wconf 81' lang='lat' dir='ltr'><strong>Immunem</strong></span> <span class='ocrx_word' id='word_1_46' title='bbox 1038 927 1280 990; x_wconf 84' lang='lat' dir='ltr'><strong>meditor</strong></span> <span class='ocrx_word' id='word_1_47' title='bbox 1299 927 1520 1001; x_wconf 86' lang='lat' dir='ltr'><strong>tingere</strong></span> <span class='ocrx_word' id='word_1_48' title='bbox 1547 919 1792 1000; x_wconf 84' lang='lat' dir='ltr'><strong>poculis,</strong></span> 
     </span>
    </p>
   </div>
   <div class='ocr_carea' id='block_1_11' title="bbox 813 1007 1548 1074">
    <p class='ocr_par' dir='ltr' id='par_1_11' title="bbox 813 1007 1548 1074">
     <span class='ocr_line' id='line_1_13' title="bbox 813 1007 1548 1074; baseline -0.011 -2"><span class='ocrx_word' id='word_1_49' title='bbox 813 1013 985 1074; x_wconf 85' lang='lat' dir='ltr'><strong>Plena</strong></span> <span class='ocrx_word' id='word_1_50' title='bbox 1012 1011 1171 1071; x_wconf 86' lang='lat' dir='ltr'><strong>dives</strong></span> <span class='ocrx_word' id='word_1_51' title='bbox 1196 1011 1336 1069; x_wconf 84' lang='lat' dir='ltr'><strong>utin</strong></span> <span class='ocrx_word' id='word_1_52' title='bbox 1359 1007 1548 1067; x_wconf 77' lang='lat' dir='ltr'><strong>domo·</strong></span> 
     </span>
    </p>
   </div>
   <div class='ocr_carea' id='block_1_12' title="bbox 712 1131 1956 1463">
    <p class='ocr_par' dir='ltr' id='par_1_12' title="bbox 714 1131 1843 1215">
     <span class='ocr_line' id='line_1_14' title="bbox 714 1131 1843 1215; baseline -0.009 -16"><span class='ocrx_word' id='word_1_53' title='bbox 714 1139 925 1199; x_wconf 81' lang='lat' dir='ltr'><strong>Verum</strong></span> <span class='ocrx_word' id='word_1_54' title='bbox 956 1154 1106 1215; x_wconf 86' lang='lat' dir='ltr'><strong>pone</strong></span> <span class='ocrx_word' id='word_1_55' title='bbox 1125 1152 1311 1205; x_wconf 64' lang='lat' dir='ltr'><strong>motas</strong></span> <span class='ocrx_word' id='word_1_56' title='bbox 1336 1143 1395 1194; x_wconf 80' lang='lat' dir='ltr'><strong>et</strong></span> <span class='ocrx_word' id='word_1_57' title='bbox 1417 1134 1659 1194; x_wconf 81' lang='lat' dir='ltr'><strong>studium</strong></span> <span class='ocrx_word' id='word_1_58' title='bbox 1681 1131 1843 1206; x_wconf 87' lang='lat' dir='ltr'><strong>lucri,</strong></span> 
     </span>
    </p>

    <p class='ocr_par' dir='ltr' id='par_1_13' title="bbox 712 1215 1956 1300">
     <span class='ocr_line' id='line_1_15' title="bbox 712 1215 1956 1300; baseline -0.008 -18"><span class='ocrx_word' id='word_1_59' title='bbox 712 1222 1129 1300; x_wconf 85' lang='lat' dir='ltr'><strong>Nigrorumque</strong></span> <span class='ocrx_word' id='word_1_60' title='bbox 1150 1228 1386 1292; x_wconf 84' lang='lat' dir='ltr'><strong>memor,</strong></span> <span class='ocrx_word' id='word_1_61' title='bbox 1415 1217 1542 1275; x_wconf 92' lang='lat' dir='ltr'><strong>dum</strong></span> <span class='ocrx_word' id='word_1_62' title='bbox 1563 1216 1718 1291; x_wconf 84' lang='lat' dir='ltr'><strong>licet,</strong></span> <span class='ocrx_word' id='word_1_63' title='bbox 1745 1215 1956 1292; x_wconf 85' lang='lat' dir='ltr'><strong>ignium</strong></span> 
     </span>
    </p>

    <p class='ocr_par' dir='ltr' id='par_1_14' title="bbox 712 1298 1772 1463">
     <span class='ocr_line' id='line_1_16' title="bbox 712 1298 1772 1366; baseline -0.009 0"><span class='ocrx_word' id='word_1_64' title='bbox 712 1305 895 1366; x_wconf 84' lang='lat' dir='ltr'><strong>Misce</strong></span> <span class='ocrx_word' id='word_1_65' title='bbox 916 1302 1205 1364; x_wconf 75' lang='lat' dir='ltr'><strong>stultitiam</strong></span> <span class='ocrx_word' id='word_1_66' title='bbox 1235 1298 1488 1359; x_wconf 88' lang='lat' dir='ltr'><strong>consiliis</strong></span> <span class='ocrx_word' id='word_1_67' title='bbox 1514 1299 1772 1358; x_wconf 88' lang='lat' dir='ltr'><strong>brevem:</strong></span> 
     </span>
     <span class='ocr_line' id='line_1_17' title="bbox 816 1381 1667 1463; baseline -0.009 -14"><span class='ocrx_word' id='word_1_68' title='bbox 816 1388 1001 1449; x_wconf 84' lang='lat' dir='ltr'><strong>Dulce</strong></span> <span class='ocrx_word' id='word_1_69' title='bbox 1025 1394 1114 1446; x_wconf 86' lang='lat' dir='ltr'><strong>est</strong></span> <span class='ocrx_word' id='word_1_70' title='bbox 1134 1385 1404 1463; x_wconf 74' lang='lat' dir='ltr'><strong>desipere</strong></span> <span class='ocrx_word' id='word_1_71' title='bbox 1429 1385 1485 1442; x_wconf 87' lang='lat' dir='ltr'><strong>in</strong></span> <span class='ocrx_word' id='word_1_72' title='bbox 1512 1381 1667 1442; x_wconf 84' lang='lat' dir='ltr'><strong>loco.</strong></span> 
     </span>
    </p>
   </div>
   <div class='ocr_carea' id='block_1_13' title="bbox 1229 1544 1531 1555">
    <p class='ocr_par' dir='ltr' id='par_1_15' title="bbox 1229 1544 1531 1555">
     <span class='ocr_line' id='line_1_18' title="bbox 1229 1544 1531 1555; baseline 0 2387"><span class='ocrx_word' id='word_1_73' title='bbox 1229 1544 1531 1555; x_wconf 95' lang='lat' dir='ltr'><strong> </strong></span> 
     </span>
    </p>
   </div>
   <div class='ocr_carea' id='block_1_14' title="bbox 1086 1683 1737 1850">
    <p class='ocr_par' dir='ltr' id='par_1_16' title="bbox 1086 1683 1737 1850">
     <span class='ocr_line' id='line_1_19' title="bbox 1176 1683 1630 1745; baseline -0.013 0"><span class='ocrx_word' id='word_1_74' title='bbox 1176 1683 1630 1745; x_wconf 68' lang='lat' dir='ltr'><strong>onum!-</strong></span> 
     </span>
     <span class='ocr_line' id='line_1_20' title="bbox 1086 1776 1737 1850; baseline -0.005 -2"><span class='ocrx_word' id='word_1_75' title='bbox 1086 1797 1206 1850; x_wconf 83' lang='lat' dir='ltr'><strong>IN</strong></span> <span class='ocrx_word' id='word_1_76' title='bbox 1273 1776 1737 1848; x_wconf 77' lang='lat' dir='ltr'><strong>LYcEN.&#39;</strong></span> 
     </span>
    </p>
   </div>
   <div class='ocr_carea' id='block_1_15' title="bbox 637 1929 1750 2015">
    <p class='ocr_par' dir='ltr' id='par_1_17' title="bbox 637 1929 1750 2015">
     <span class='ocr_line' id='line_1_21' title="bbox 637 1929 1750 2015; baseline -0.009 -17"><span class='ocrx_word' id='word_1_77' title='bbox 637 1931 643 1933; x_wconf 62' lang='grc'><strong>’</strong></span> <span class='ocrx_word' id='word_1_78' title='bbox 720 1936 1006 1997; x_wconf 86' lang='lat' dir='ltr'><strong>Audivere</strong></span> <span class='ocrx_word' id='word_1_79' title='bbox 1026 1981 1044 2013; x_wconf 87' lang='lat'>‚</span> <span class='ocrx_word' id='word_1_80' title='bbox 1072 1935 1224 2011; x_wconf 71' lang='lat' dir='ltr'><strong>Lyce</strong></span> <span class='ocrx_word' id='word_1_81' title='bbox 1241 1980 1259 2011; x_wconf 81' lang='lat'>,</span> <span class='ocrx_word' id='word_1_82' title='bbox 1288 1934 1341 1993; x_wconf 90' lang='lat' dir='ltr'><strong>di</strong></span> <span class='ocrx_word' id='word_1_83' title='bbox 1365 1950 1493 2015; x_wconf 51' lang='lat' dir='ltr'><strong>mea,</strong></span> <span class='ocrx_word' id='word_1_84' title='bbox 1513 1939 1668 2008; x_wconf 84' lang='lat' dir='ltr'><strong>vota,</strong></span> <span class='ocrx_word' id='word_1_85' title='bbox 1687 1929 1750 2008; x_wconf 62' lang='lat' dir='ltr'><strong>⁵di</strong></span> 
     </span>
    </p>
   </div>
   <div class='ocr_carea' id='block_1_16' title="bbox 715 2019 1822 2097">
    <p class='ocr_par' dir='ltr' id='par_1_18' title="bbox 715 2019 1822 2097">
     <span class='ocr_line' id='line_1_22' title="bbox 715 2019 1822 2097; baseline -0.011 -15"><span class='ocrx_word' id='word_1_86' title='bbox 715 2020 1001 2082; x_wconf 84' lang='lat' dir='ltr'><strong>Audivere</strong></span> <span class='ocrx_word' id='word_1_87' title='bbox 1014 2064 1033 2097; x_wconf 83' lang='lat'>‚</span> <span class='ocrx_word' id='word_1_88' title='bbox 1058 2019 1243 2094; x_wconf 65' lang='lat' dir='ltr'><strong>Lyce?</strong></span> <span class='ocrx_word' id='word_1_89' title='bbox 1265 2019 1331 2076; x_wconf 89' lang='lat' dir='ltr'><strong>fis</strong></span> <span class='ocrx_word' id='word_1_90' title='bbox 1341 2033 1494 2082; x_wconf 24' lang='lat' dir='ltr'><strong>*anus</strong></span> <span class='ocrx_word' id='word_1_91' title='bbox 1509 2059 1526 2091; x_wconf 86' lang='lat'>,</span> <span class='ocrx_word' id='word_1_92' title='bbox 1559 2022 1616 2073; x_wconf 86' lang='lat' dir='ltr'><strong>et</strong></span> <span class='ocrx_word' id='word_1_93' title='bbox 1637 2022 1822 2072; x_wconf 83' lang='lat' dir='ltr'><strong>tamen</strong></span> 
     </span>
    </p>
   </div>
   <div class='ocr_carea' id='block_1_17' title="bbox 800 2100 1783 2263">
    <p class='ocr_par' dir='ltr' id='par_1_19' title="bbox 800 2100 1783 2263">
     <span class='ocr_line' id='line_1_23' title="bbox 800 2100 1404 2175; baseline -0.012 -10"><span class='ocrx_word' id='word_1_94' title='bbox 800 2104 903 2164; x_wconf 89' lang='lat' dir='ltr'><strong>Vis</strong></span> <span class='ocrx_word' id='word_1_95' title='bbox 927 2104 1180 2164; x_wconf 82' lang='lat' dir='ltr'><strong>formosa</strong></span> <span class='ocrx_word' id='word_1_96' title='bbox 1203 2100 1404 2175; x_wconf 81' lang='lat' dir='ltr'><strong>videri,</strong></span> 
     </span>
     <span class='ocr_line' id='line_1_24' title="bbox 902 2181 1783 2263; baseline -0.01 -15"><span class='ocrx_word' id='word_1_97' title='bbox 902 2187 1189 2263; x_wconf 85' lang='lat' dir='ltr'><strong>Ludisque</strong></span> <span class='ocrx_word' id='word_1_98' title='bbox 1212 2193 1270 2242; x_wconf 87' lang='lat' dir='ltr'><strong>et</strong></span> <span class='ocrx_word' id='word_1_99' title='bbox 1291 2183 1439 2243; x_wconf 87' lang='lat' dir='ltr'><strong>bibis</strong></span> <span class='ocrx_word' id='word_1_100' title='bbox 1463 2181 1783 2260; x_wconf 76' lang='lat' dir='ltr'><strong>impudeuS,</strong></span> 
     </span>
    </p>
   </div>
   <div class='ocr_carea' id='block_1_18' title="bbox 718 2302 1784 2633">
    <p class='ocr_par' dir='ltr' id='par_1_20' title="bbox 718 2302 1784 2633">
     <span class='ocr_line' id='line_1_25' title="bbox 728 2302 1770 2384; baseline -0.011 -11"><span class='ocrx_word' id='word_1_101' title='bbox 728 2313 803 2373; x_wconf 86' lang='lat' dir='ltr'><strong>Et</strong></span> <span class='ocrx_word' id='word_1_102' title='bbox 824 2320 988 2371; x_wconf 83' lang='lat' dir='ltr'><strong>cantu</strong></span> <span class='ocrx_word' id='word_1_103' title='bbox 1011 2306 1248 2368; x_wconf 87' lang='lat' dir='ltr'><strong>tremulo</strong></span> <span class='ocrx_word' id='word_1_104' title='bbox 1277 2315 1412 2384; x_wconf 84' lang='lat' dir='ltr'><strong>pota</strong></span> <span class='ocrx_word' id='word_1_105' title='bbox 1436 2302 1770 2382; x_wconf 81' lang='lat' dir='ltr'><strong>Cupidinem</strong></span> 
     </span>
     <span class='ocr_line' id='line_1_26' title="bbox 718 2387 1784 2456; baseline -0.01 0"><span class='ocrx_word' id='word_1_106' title='bbox 718 2396 951 2456; x_wconf 83' lang='lat' dir='ltr'><strong>Lentum</strong></span> <span class='ocrx_word' id='word_1_107' title='bbox 975 2390 1272 2452; x_wconf 74' lang='lat' dir='ltr'><strong>sollicitas,</strong></span> <span class='ocrx_word' id='word_1_108' title='bbox 1338 2387 1446 2448; x_wconf 90' lang='lat' dir='ltr'><strong>Ille</strong></span> <span class='ocrx_word' id='word_1_109' title='bbox 1467 2389 1702 2447; x_wconf 83' lang='lat' dir='ltr'><strong>virentis</strong></span> <span class='ocrx_word' id='word_1_110' title='bbox 1727 2395 1784 2446; x_wconf 86' lang='lat' dir='ltr'><strong>et</strong></span> 
     </span>
     <span class='ocr_line' id='line_1_27' title="bbox 821 2470 1519 2555; baseline -0.009 -17"><span class='ocrx_word' id='word_1_111' title='bbox 821 2474 1045 2537; x_wconf 78' lang='lat' dir='ltr'><strong>Doctae</strong></span> <span class='ocrx_word' id='word_1_112' title='bbox 1068 2474 1318 2555; x_wconf 86' lang='lat' dir='ltr'><strong>psallere</strong></span> <span class='ocrx_word' id='word_1_113' title='bbox 1341 2470 1519 2533; x_wconf 86' lang='lat' dir='ltr'><strong>Chiae</strong></span> 
     </span>
     <span class='ocr_line' id='line_1_28' title="bbox 868 2556 1716 2633; baseline -0.009 -12"><span class='ocrx_word' id='word_1_114' title='bbox 868 2589 879 2595; x_wconf 90' lang='lat'><em>-</em></span> <span class='ocrx_word' id='word_1_115' title='bbox 905 2560 1160 2621; x_wconf 84' lang='lat' dir='ltr'><strong>Pulchris</strong></span> <span class='ocrx_word' id='word_1_116' title='bbox 1186 2558 1428 2618; x_wconf 86' lang='lat' dir='ltr'><strong>excubat</strong></span> <span class='ocrx_word' id='word_1_117' title='bbox 1449 2559 1506 2616; x_wconf 89' lang='lat' dir='ltr'><strong>in</strong></span> <span class='ocrx_word' id='word_1_118' title='bbox 1533 2556 1716 2633; x_wconf 85' lang='lat' dir='ltr'><strong>genis.</strong></span> 
     </span>
    </p>
   </div>
   <div class='ocr_carea' id='block_1_19' title="bbox 719 2679 1858 3014">
    <p class='ocr_par' dir='ltr' id='par_1_21' title="bbox 719 2679 1858 3014">
     <span class='ocr_line' id='line_1_29' title="bbox 719 2679 1786 2765; baseline -0.008 -18"><span class='ocrx_word' id='word_1_119' title='bbox 719 2685 1079 2765; x_wconf 80' lang='lat' dir='ltr'><strong>Importurius</strong></span> <span class='ocrx_word' id='word_1_120' title='bbox 1104 2685 1251 2747; x_wconf 88' lang='lat' dir='ltr'><strong>enim</strong></span> <span class='ocrx_word' id='word_1_121' title='bbox 1272 2682 1582 2744; x_wconf 84' lang='lat' dir='ltr'><strong>transvolat</strong></span> <span class='ocrx_word' id='word_1_122' title='bbox 1602 2679 1786 2740; x_wconf 84' lang='lat' dir='ltr'><strong>aridas</strong></span> 
     </span>
     <span class='ocr_line' id='line_1_30' title="bbox 729 2763 1782 2846; baseline -0.009 -16"><span class='ocrx_word' id='word_1_123' title='bbox 729 2770 988 2845; x_wconf 88' lang='lat' dir='ltr'><strong>Quercus</strong></span> <span class='ocrx_word' id='word_1_124' title='bbox 1014 2778 1073 2830; x_wconf 84' lang='lat' dir='ltr'><strong>et</strong></span> <span class='ocrx_word' id='word_1_125' title='bbox 1092 2769 1304 2846; x_wconf 82' lang='lat' dir='ltr'><strong>refugit</strong></span> <span class='ocrx_word' id='word_1_126' title='bbox 1322 2777 1434 2844; x_wconf 13' lang='lat' dir='ltr'><strong>‚nte</strong></span> <span class='ocrx_word' id='word_1_127' title='bbox 1461 2765 1592 2844; x_wconf 71' lang='lat' dir='ltr'><strong>q&#39;uia</strong></span> <span class='ocrx_word' id='word_1_128' title='bbox 1618 2763 1782 2823; x_wconf 85' lang='lat' dir='ltr'><strong>luridi</strong></span> 
     </span>
     <span class='ocr_line' id='line_1_31' title="bbox 825 2852 1858 2930; baseline -0.012 -15"><span class='ocrx_word' id='word_1_129' title='bbox 825 2855 1041 2914; x_wconf 85' lang='lat' dir='ltr'><strong>Dentes</strong></span> <span class='ocrx_word' id='word_1_130' title='bbox 1056 2898 1073 2930; x_wconf 86' lang='lat'>,</span> <span class='ocrx_word' id='word_1_131' title='bbox 1101 2862 1161 2913; x_wconf 77' lang='lat' dir='ltr'><strong>te</strong></span> <span class='ocrx_word' id='word_1_132' title='bbox 1185 2852 1316 2930; x_wconf 85' lang='lat' dir='ltr'><strong>quia</strong></span> <span class='ocrx_word' id='word_1_133' title='bbox 1337 2868 1514 2926; x_wconf 82' lang='lat' dir='ltr'><strong>rugae</strong></span> <span class='ocrx_word' id='word_1_134' title='bbox 1848 2861 1858 2870; x_wconf 80' lang='lat'><strong><em>‘</em></strong></span> 
     </span>
     <span class='ocr_line' id='line_1_32' title="bbox 907 2933 1715 3014; baseline -0.012 -17"><span class='ocrx_word' id='word_1_135' title='bbox 907 2937 1157 3014; x_wconf 84' lang='lat' dir='ltr'><strong>Turpant</strong></span> <span class='ocrx_word' id='word_1_136' title='bbox 1177 2945 1236 3009; x_wconf 60' lang='lat' dir='ltr'><strong>el}</strong></span> <span class='ocrx_word' id='word_1_137' title='bbox 1257 2935 1462 3010; x_wconf 85' lang='lat' dir='ltr'><strong>capitis</strong></span> <span class='ocrx_word' id='word_1_138' title='bbox 1485 2933 1666 2990; x_wconf 86' lang='lat' dir='ltr'><strong>nives.</strong></span> <span class='ocrx_word' id='word_1_139' title='bbox 1712 2988 1715 2995; x_wconf 20' lang='grc' dir='ltr'><strong><em>Δ</em></strong></span> 
     </span>
    </p>
   </div>
   <div class='ocr_carea' id='block_1_20' title="bbox 713 3055 1954 3370">
    <p class='ocr_par' dir='ltr' id='par_1_22' title="bbox 713 3055 1954 3370">
     <span class='ocr_line' id='line_1_33' title="bbox 713 3055 1874 3135; baseline -0.01 -12"><span class='ocrx_word' id='word_1_140' title='bbox 713 3061 848 3135; x_wconf 51' lang='lat' dir='ltr'><strong>¹Nec</strong></span> <span class='ocrx_word' id='word_1_141' title='bbox 879 3059 1037 3121; x_wconf 85' lang='lat' dir='ltr'><strong>Coae</strong></span> <span class='ocrx_word' id='word_1_142' title='bbox 1060 3058 1313 3117; x_wconf 82' lang='lat' dir='ltr'><strong>referunt</strong></span> <span class='ocrx_word' id='word_1_143' title='bbox 1333 3058 1443 3115; x_wconf 83' lang='lat' dir='ltr'><strong>iam</strong></span> <span class='ocrx_word' id='word_1_144' title='bbox 1464 3055 1568 3114; x_wconf 81' lang='lat' dir='ltr'><strong>tibi</strong></span> <span class='ocrx_word' id='word_1_145' title='bbox 1590 3072 1874 3132; x_wconf 87' lang='lat' dir='ltr'><strong>purpurae</strong></span> 
     </span>
     <span class='ocr_line' id='line_1_34' title="bbox 725 3136 1954 3218; baseline -0.007 -14"><span class='ocrx_word' id='word_1_146' title='bbox 725 3145 850 3205; x_wconf 86' lang='lat' dir='ltr'><strong>Nec</strong></span> <span class='ocrx_word' id='word_1_147' title='bbox 875 3142 1011 3202; x_wconf 87' lang='lat' dir='ltr'><strong>clari</strong></span> <span class='ocrx_word' id='word_1_148' title='bbox 1035 3141 1256 3218; x_wconf 87' lang='lat' dir='ltr'><strong>lapides</strong></span> <span class='ocrx_word' id='word_1_149' title='bbox 1279 3149 1538 3217; x_wconf 83' lang='lat' dir='ltr'><strong>tempora</strong></span> <span class='ocrx_word' id='word_1_150' title='bbox 1556 3183 1574 3215; x_wconf 87' lang='lat'>‚</span> <span class='ocrx_word' id='word_1_151' title='bbox 1603 3155 1749 3216; x_wconf 86' lang='lat' dir='ltr'><strong>quae</strong></span> <span class='ocrx_word' id='word_1_152' title='bbox 1775 3136 1954 3198; x_wconf 90' lang='lat' dir='ltr'><strong>semel</strong></span> 
     </span>
     <span class='ocr_line' id='line_1_35' title="bbox 777 3224 1414 3286; baseline -0.005 0"><span class='ocrx_word' id='word_1_153' title='bbox 777 3226 976 3286; x_wconf 80' lang='lat' dir='ltr'><strong>·Notis</strong></span> <span class='ocrx_word' id='word_1_154' title='bbox 1009 3224 1233 3285; x_wconf 87' lang='lat' dir='ltr'><strong>condita</strong></span> <span class='ocrx_word' id='word_1_155' title='bbox 1254 3225 1414 3284; x_wconf 84' lang='lat' dir='ltr'><strong>fastis</strong></span> 
     </span>
     <span class='ocr_line' id='line_1_36' title="bbox 914 3307 1596 3370; baseline -0.001 -2"><span class='ocrx_word' id='word_1_156' title='bbox 914 3308 1148 3370; x_wconf 84' lang='lat' dir='ltr'><strong>Inclusit</strong></span> <span class='ocrx_word' id='word_1_157' title='bbox 1166 3308 1416 3368; x_wconf 78' lang='lat' dir='ltr'><strong>volucris</strong></span> <span class='ocrx_word' id='word_1_158' title='bbox 1445 3307 1596 3368; x_wconf 80' lang='lat' dir='ltr'><strong>dies.&#39;</strong></span> 
     </span>
    </p>
   </div>
   <div class='ocr_carea' id='block_1_21' title="bbox 2515 2895 2518 3517">
    <p class='ocr_par' dir='ltr' id='par_1_23' title="bbox 2515 2895 2518 3517">
     <span class='ocr_line' id='line_1_37' title="bbox 2515 2895 2518 3517; baseline 0 0"><span class='ocrx_word' id='word_1_159' title='bbox 2515 2895 2518 3517; x_wconf 95' lang='lat' dir='ltr'><strong> </strong></span> 
     </span>
    </p>
   </div>
  </div>
 </body>
</html>
