2525 3942
187 207 277 273 aaa·
341 172 345 179 “
473 202 482 206 ’
558 198 818 278 urusuonnnuu
1006 204 1155 279 [epten]

269 360 357 420 Forte
368 357 420 417 sub
430 359 487 417 boc
497 366 609 434 tempus
621 355 768 423 castellum
782 362 913 413 evertere
925 361 1041 430 praetor
1059 425 1062 431 Ι

208 444 249 505 35
270 442 378 503 Nescio
393 440 469 518 quod
481 442 616 518 cupiens,
632 439 738 498 hortari
752 438 848 513 coepit
860 436 981 513 eundem

167 566 176 573 -
270 525 391 600 Verbis,
407 541 481 601 qnae
494 521 591 581 timido
609 539 724 600 qumque
735 527 854 597 possent
865 517 970 578 addere
985 526 1125 577 mentem:

166 633 172 637 ·
271 604 326 684 „l,
344 608 435 682 boue,
453 621 509 683 quo
520 607 610 664 virtus
620 613 668 663 tua
678 613 707 662 te
719 610 818 677 vocat,
835 604 845 661 i
859 599 934 679 pede
946 599 1051 676 lausto,

270 687 415 764 „Grandia
426 688 531 747 laurus
543 689 705 747 meritorum
717 684 854 763 praemia!
867 729 874 743 .
885 728 909 743 ..
923 683 999 756 Quid
1009 691 1067 743 stas
1075 674 1116 743 l“

270 770 338 831 Post
347 772 419 831 haec
430 769 479 829 ille
495 780 587 845 catus,
607 770 782 847 quantumvis
793 770 932 843 rusticus,
955 764 1044 843 ,‚lbit,

208 854 249 918 40
270 852 349 929 „Ibit
360 870 415 929 eo,
433 869 490 931 quo
502 856 562 929 vis,
576 855 624 930 qui
636 868 735 911 nonam
747 850 911 928 perdidit,“
928 850 1026 927 inquit.
1048 900 1051 905 .

270 935 378 996 Romae
388 938 485 995 nutriri
496 936 564 995 milri
575 936 694 1011 contigit
705 943 789 1012 atque
801 923 910 1008 doceri,

270 1017 359 1078 Iratus
372 1017 462 1078 Graiis
473 1027 604 1095 quantum
615 1018 760 1095 nocuisset
773 1016 910 1076 Achilles.

270 1101 413 1160 Adiecere
424 1094 515 1160 bonae
527 1100 622 1176 paullo
635 1099 699 1177 plus
712 1102 780 1158 artis
791 1098 929 1173 Athenae,

271 1183 389 1242 Scilicet
402 1192 647 1257 utpossemcurvo
659 1182 828 1258 dignoscere
841 1180 959 1256 rectum,

158 1254 165 1275 '
210 1264 249 1325 45
271 1266 365 1343 Atque
376 1267 449 1324 inter
459 1264 546 1324 silvas
558 1265 694 1328 Academi
708 1280 845 1341 quaerere
855 1278 961 1322 verum.
983 1328 987 1334 ,

270 1347 347 1408 Dure
358 1348 409 1407 sed
421 1363 555 1408 emovere
564 1349 631 1407 loco
643 1362 690 1406 me·
702 1355 830 1424 tempora
841 1355 932 1423 grato,
963 1347 965 1352 '

272 1429 428 1508 civilisque
439 1432 537 1489 rudem
551 1430 619 1490 belli
631 1430 694 1493 ulit
704 1439 801 1491 aestus
811 1431 839 1487 in
850 1444 936 1504 arma,

270 1512 401 1573 Caesaris
412 1513 533 1591 Augusti
544 1530 600 1573 non
611 1529 783 1591 responsura
793 1511 917 1571 lacertis.

269 1597 350 1656 llnde
361 1597 444 1656 simul
456 1600 573 1673 primum
584 1614 629 1655 me
642 1596 772 1655 dimisere
782 1594 915 1672 Philippi,

208 1682 249 1748 50
269 1680 384 1739 Decisis
394 1680 525 1740 humilem
537 1682 638 1758 pennis
650 1682 821 1756 inopemque
831 1679 942 1755 paterni

268 1762 306 1821 Et
316 1762 393 1823 Laris
405 1772 433 1822 et
445 1763 522 1823 fundi
537 1773 689 1842 paupertas
701 1762 809 1839 impulit
819 1760 922 1837 audax,

215 1876 218 1883 ·
267 1846 306 1905 llt
315 1865 416 1906 versus
427 1847 560 1907 lacerem.
587 1846 662 1922 Sed,
678 1845 755 1924 quod
766 1861 822 1904 non
834 1843 923 1921 desit,
938 1844 1088 1904 habentem

174 1964 187 1974 -
231 1934 234 1948 '
271 1929 352 2001 Quae
363 1938 497 2007 poterunt
509 1948 630 2009 unquam
643 1926 711 1989 satis
723 1945 883 2005 expurgare
894 1928 1016 2003 cicutae,

269 2011 305 2086 Ni
320 2013 421 2072 melius
433 2012 555 2072 dormire
566 2022 662 2091 putem
674 2030 757 2091 quam
770 2012 897 2074 scribere
906 2028 1008 2070 versus
1020 2010 1034 2071 i

208 2093 247 2153 ὲὺ
269 2093 386 2171 Singula
397 2095 433 2155 de
444 2095 527 2155 nobis
538 2097 602 2156 anni
615 2096 783 2173 praedantur
795 2102 909 2155 euntes:

268 2175 406 2252 Eripuere
418 2180 516 2253 iocos,
530 2196 681 2253 venerem,
702 2180 847 2252 convivia,
868 2177 979 2247 ludum;

269 2257 396 2327 Tendunt
408 2269 580 2337 extorquere
592 2266 738 2337 poemate:
754 2260 823 2337 quid
834 2260 934 2319 faciam
945 2262 990 2319 uis

266 2340 398 2418 Denique
408 2360 465 2401 non
477 2359 575 2401 omnes
587 2342 686 2402 eadem
697 2343 829 2401 mirantur
839 2351 988 2422 amantque

269 2421 398 2483 Carmine
413 2434 441 2484 tu
453 2425 577 2501 gaudm,
594 2425 641 2483 lric
654 2424 808 2484 delectatur
819 2426 931 2501 idmbis,

204 2506 245 2567 60
265 2505 318 2566 llle
329 2504 445 2569 Bioneis
456 2508 633 2567 sermonibus
643 2516 675 2567 et
687 2507 747 2567 sale
758 2510 851 2585 nigro.

222 2594 229 2599 “
266 2587 337 2649 'l'res
348 2592 416 2650 mibi
429 2592 566 2651 convivae
577 2593 670 2669 prope
680 2590 831 2651 dissentire
842 2591 981 2670 videatur,

189 2745 191 2750 Α
217 2724 228 2745 „
265 2669 422 2733 Poscentes
433 2676 512 2734 vario
524 2674 640 2733 maltum
652 2674 763 2735 diversa
774 2676 879 2753 palato.

267 2755 342 2827 Quid
353 2754 439 2815 dem‘l
458 2756 525 2834 qnid
539 2774 595 2818 non
608 2756 693 2819 dem?
710 2762 803 2819 renuis
820 2768 865 2835 tu',
884 2758 961 2837 quod
974 2760 1054 2820 iubet
1068 2760 1160 2833 alter:
1214 2798 1217 2801 -
1258 2812 1259 2829 ,

267 2838 351 2910 Quod
360 2841 453 2916 petis,
471 2839 500 2898 id
515 2858 583 2901 sane
595 2852 640 2901 est
651 2844 771 2902 invisum
782 2844 950 2920 acidumque
961 2841 1092 2903 duobus·

130 2917 134 2927 '
203 2920 244 2980 65
266 2919 383 2981 Praeter
397 2930 508 2998 cetera,
526 2942 572 2984 me
584 2925 728 2985 Romaene
741 2931 873 3001 poemata
885 2942 987 2987 censes

127 3014 137 3021 ’
264 3000 399 3064 Scribere
412 3022 501 3083 posse
515 3008 588 3068 inter
598 3016 641 3068 tot
656 3025 737 3067 curas
750 3016 849 3085 totque
863 3007 999 3069 labores?
1061 3022 1064 3027 ’

152 3086 155 3095 ’
220 3117 223 3121 v
265 3082 467 3164 llicsponsum
478 3092 644 3167 vocat,‚bic
655 3090 778 3150 auditum
789 3093 894 3170 scripta
904 3092 1014 3153 relictis

136 3177 143 3187 “
265 3168 401 3231 Omnibus
414 3172 534 3243 olllciis;
551 3174 636 3234 cubat
646 3174 693 3235 hic
704 3176 732 3234 in
745 3174 820 3235 colle
833 3174 955 3253 Quirini,

229 3285 231 3290 ·
263 3250 318 3332 llic
329 3264 455 3316 extremo
466 3259 495 3317 in
506 3256 665 3335 Aventino,
679 3258 815 3319 uisendus
826 3268 961 3337 uterquet

495 3350 520 3375 Q
