2525 3942
420 272 453 332 Q.
477 267 625 319 nondun
645 271 781 319 snsccl.
994 275 1099 322 xxm

100 423 173 502 tore,
194 433 322 489 tribunus
335 422 449 486 militum
462 432 589 501 merait'.
631 431 696 486 vid.
712 430 771 487 Sat.
787 430 810 498 l,
826 404 853 500 6,
868 438 990 491 tii—oo.
1033 433 1097 499 Ouo

100 535 213 576 munere
233 524 322 576 utrum
341 515 473 572 continuo
493 521 640 587 postquam
655 514 773 569 Athenis
796 517 895 572 ‘rudis
916 517 1001 572 belli’
1019 533 1096 574 arms
1149 545 1152 558 =

100 603 191 675 eepit,
208 621 223 657 a
240 603 325 657 Bruto
340 601 474 668 donatus,
490 615 524 654 an
540 605 657 669 postea,
672 599 777 653 virtute
792 600 878 670 rebus
894 601 921 655 in
937 600 1006 674 Asia
1022 602 1097 656 bens

99 687 189 758 gestis
209 685 344 758 probata,
370 682 509 739 iudicatus
531 682 570 736 sit
588 683 706 752 dignus,
737 682 785 752 qui
808 682 914 753 legioni
937 691 1097 756 praeesset,

99 785 151 843 pro
172 777 252 824 eerto
274 767 405 823 affirmari
429 765 533 837 nequit.
576 766 607 821 ld
623 771 700 820 eerte
716 772 840 835 constat,
856 768 972 823 -Brutum
993 768 1022 822 iu
1038 768 1097 823 llo-'

99 854 172 910 ratio
201 854 320 920 iuvene,
354 850 398 906 oui
427 851 549 905 obseuro
575 849 640 905 loeo
665 855 730 905 nato
757 849 921 920 dignitatern
947 852 1100 920 tribueret,

100 953 180 1009 quarn
195 936 249 990 nisi
272 935 427 990 nobiliores
443 933 497 988 viri
519 933 651 1004 accipere
667 948 722 988 non
738 933 878 1003 solerent,
901 935 1033 1005 egregias
1051 935 1096 988 in-

98 1021 176 1092 genii
194 1020 332 1089 animique
352 1009 470 1073 virtutes
486 1010 670 1085 observasse,
691 1030 747 1086 quo
767 1023 896 1088 speelare
912 1017 1023 1074 videtur
1037 1018 1096 1072 llo-

98 1105 203 1171 ratius,
225 1111 286 1156 oum
302 1099 435 1173 Epist..l,
451 1106 502 1168 20,
518 1105 553 1158 23
574 1115 605 1166 se
627 1099 743 1170 ‘primis
763 1099 839 1155 urbis
861 1101 930 1156 belli
951 1102 1095 1172 placuisse

98 1185 247 1257 domique'
270 1185 378 1241 scribit.
415 1184 544 1240 interluit
566 1183 655 1252 igitur
675 1182 807 1259 lloratius
827 1185 954 1240 tribunus
978 1185 1095 1240 militum

98 1285 209 1342 pugnae
226 1269 414 1340 Philippensi,
431 1283 502 1337 qnae
518 1267 617 1322 insidit
631 1266 660 1320 in
675 1273 849 1322 auctumuum
864 1269 928 1323 anni
944 1285 971 1322 ιι.
989 1285 1014 1322 o.
1024 1271 1094 1336 Μ,

98 1361 127 1410 et
141 1361 197 1408 tuni
213 1353 337 1420 demum,
352 1368 429 1421 euni,
446 1349 546 1407 ‘versa
562 1351 623 1406 aoie
640 1351 733 1412 retro'
751 1347 818 1423 (Od.
835 1351 884 1420 lll,
899 1357 926 1420 t,
940 1346 1001 1424 26),
1017 1357 1094 1405 uter·
1185 1390 1194 1402 s

98 1454 151 1510 que
178 1437 250 1505 dux,
279 1436 378 1490 Brutus
401 1442 430 1490 et
449 1434 579 1502 Cassius,
606 1434 746 1490 libertatis
761 1435 903 1489 interitum
916 1451 971 1490 nou
992 1435 1095 1503 visuri,-

97 1513 214 1576 iaortem
226 1519 409 1574 voluntariam
424 1515 580 1585 obiissent,
598 1533 715 1587 eumque
730 1518 807 1573 nulla
824 1533 942 1588 prorsus
959 1519 1002 1573 rei
1020 1519 1094 1573 bene

98 1605 240 1675 gerendae
259 1609 324 1674 spes
340 1608 519 1674 superesset,
544 1599 684 1655 ‘celerem
703 1601 798 1671 lugam
812 1601 902 1657 sensit
921 1602 1020 1657 reliota
1037 1617 1093 1657 non

97 1689 169 1744 bene
182 1686 323 1758 parmula,
343 1685 408 1740 Cum
425 1685 512 1741 iraela
526 1684 614 1741 virtus
631 1690 660 1738 et
673 1679 795 1739 minaces
810 1685 902 1756 Turpe
922 1686 1013 1740 solum
1027 1685 1094 1739 teti-

98 1787 166 1842 gere
183 1757 292 1825 mento'
312 1765 378 1842 (οἀ.
395 1767 431 1837 ll,
447 1772 473 1837 7,
489 1763 614 1840 9—12),
636 1767 664 1820 in
681 1768 822 1837 quoloeo
845 1767 923 1822 multi
944 1784 1093 1839 perperam

97 1854 228 1924 ignaviae
250 1852 456 1928 confessionem
480 1851 573 1906 inesse
595 1856 734 1922 putarant.
785 1851 827 1905 Ex
848 1867 901 1921 qua
916 1866 1010 1922 pugna
1031 1867 1093 1904 curn

30 1975 32 1979 -
99 1953 177 2005 eum,
193 1943 222 1991 ut
237 1937 335 1991 ioeose
351 1934 419 1990 ibid.
438 1952 478 1990 us.
497 1941 538 1994 13.
556 1939 589 1992 14
606 1934 656 2002 ait,
673 1929 745 2004 ‘per
761 1935 859 1989 hostes
874 1933 1028 1988 blerourius
1044 1949 1093 1989 ee-

98 2021 157 2089 ler,
185 2024 281 2090 utpote
305 2024 400 2074 eustos
418 2023 446 2073 et
467 2025 543 2074 lutor
562 2022 707 2090 poetarum
727 2013 948 2090 (blereurialium
968 2017 1092 2072 virorum

98 2103 148 2159 0d.
172 2102 214 2172 ll,
232 2104 282 2171 17,
300 2098 363 2175 Ὦ),
384 2102 472 2158 denso
488 2106 635 2174 paventem
651 2096 813 2157 sustulisset
830 2101 913 2157 atre'
935 2107 1094 2157 servasset-

98 2204 169 2258 que,
185 2185 281 2240 maluit
296 2202 356 2240 eum
374 2185 492 2242 blessala
513 2185 621 2240 servari
637 2186 776 2240 benelioio
791 2184 921 2241 Caesaris
934 2183 1093 2253 Octaviani,

98 2287 178 2342 quam
200 2271 300 2324 iterum
321 2267 422 2324 dubiae
443 2269 512 2325 belli
534 2269 663 2323 fortunae
685 2284 718 2322 ee
740 2269 927 2336 committere,
954 2284 1016 2322 oum
1036 2267 1093 2323 sibi

96 2352 223 2408 ‘imbelli
246 2369 279 2408 ae
298 2369 395 2424 parum
411 2351 506 2408 lirmo'
529 2348 633 2424 (Epod.
651 2348 744 2425 1,·16)
765 2352 834 2408 belli
854 2339 979 2406 laborem
1002 2352 1092 2406 minus

97 2435 250 2493 conuenire
267 2436 392 2491 sentiret.
432 2436 529 2505 ltaque
544 2431 638 2489 ‘oiods
646 2436 776 2504 partibus
789 2438 869 2490 venie
882 2431 1048 2504 impetrata'
1064 2435 1111 2488 in.

96 2521 217 2594 patriam
232 2519 334 2588 rediit,
350 2526 379 2574 ut
396 2519 521 2586 ridetur,
538 2524 585 2573 aut
602 2512 677 2572 birsa
696 2520 799 2575 exitum
811 2537 836 2574 a.
849 2534 875 2572 ιι.
888 2522 941 2575 712
956 2523 1005 2573 aut
1016 2520 1093 2573 eirea

97 2604 208 2664 initium
225 2619 249 2658 a.
267 2619 293 2656 u.
312 2619 336 2657 o.
351 2605 411 2662 713.
457 2602 518 2668 ooo
537 2601 639 2656 itinere
653 2602 791 2657 maritimo
807 2599 951 2657 lloratidm
968 2601 1004 2656 ad
1020 2600 1094 2676 l’ali-

97 2703 210 2755 nurum,
234 2685 452 2756 promontorium
474 2686 508 2741 ad
529 2689 682 2738 extremum
704 2685 793 2739 sinum
811 2684 972 2761 Veliensem
994 2683 1022 2736 in
1040 2684 1094 2737 ba-

98 2770 195 2826 eaniae
212 2785 279 2837 ora,
293 2775 458 2841 tempestate
475 2773 588 2835 coorta,
612 2783 702 2838 paene
717 2767 884 2822 exstinetam
899 2781 981 2834 esse,
999 2759 1099 2821 narrat

97 2853 191 2908 Aaron
207 2852 360 2908 scholiasta
377 2854 412 2908 ad
428 2852 478 2909 0d.
499 2851 547 2920 lll,
561 2854 588 2918 4,
605 2853 656 2913 283
679 2855 762 2920 atque
777 2850 813 2904 ad
827 2849 901 2904 idem
916 2849 1028 2906 itineris
1043 2865 1095 2920 pe-

96 2935 214 2991 rieulum
237 2935 285 2991 alii
306 2937 431 2992 relerunt
453 2935 541 2991 verba
564 2932 614 2989 Od.
640 2932 827 3002 111,n7‚1s:
861 2929 940 3003 ‘Ego
966 2933 1032 3004 quid
1057 2933 1120 2986 sit-

97 3027 156 3075 ater
184 3018 323 3087 Hadriae,
352 3021 436 3089 novi,
462 3019 558 3087 sinus,
582 3022 615 3070 et
644 3017 711 3087 quid
742 3017 821 3073 albus
848 3023 949 3088 peeeet
974 3017 1091 3088 lapyx’.

97 3103 153 3158 Sed
169 3117 261 3173 neque
278 3104 333 3157 hoo
347 3119 399 3174 pro
415 3108 492 3158 aerto
510 3100 644 3156 affirmari
664 3101 748 3168 lieet,
769 3117 860 3171 neque
882 3100 953 3155 illud
973 3104 1095 3167 constat,

97 3192 186 3240 utrum
210 3203 226 3240 e
246 3181 409 3241 blaeedonia
426 3185 575 3241 diseedens
595 3189 673 3238 reeta
694 3184 741 3239 via
757 3185 869 3242 llomam
889 3183 1021 3253 petierit,
1048 3197 1095 3247 an,

97 3271 170 3340 quod
186 3285 256 3324 vero
271 3267 389 3324 similius
408 3275 466 3337 est,
489 3272 569 3323 antea
586 3267 737 3322 Venusiam
753 3281 939 3335 amoenasque
960 3265 1095 3341 regiones

40 3423 43 3430 ι
96 3353 200 3407 eireurn
223 3351 293 3406 sitas
312 3352 450 3408 inviserit.
472 3423 474 3427 Ι
496 3350 638 3420 Quidquid
659 3355 751 3405 autern
769 3351 831 3405 eius
853 3348 896 3403 rei
912 3350 973 3416 est,
997 3347 1028 3400 id
1042 3345 1095 3400 du·-

96 3435 170 3491 biuru
186 3451 244 3492 nou
260 3449 325 3490 esse
346 3429 476 3504 videtur,
496 3433 561 3505 quin
578 3431 606 3488 in
621 3434 741 3504 patriam
755 3433 846 3489 redux
857 3431 948 3486 iaetus
969 3434 998 3484 et
1013 3431 1095 3499 patro
