2525 3942
113 216 175 294 [ou.
192 221 227 298 n]
317 233 319 240 ‘
517 208 644 316 ¹titileia
659 216 683 276 Ι.
783 238 786 243 >

178 383 181 398 ¹
219 367 369 450 Gonamur,
385 377 484 428 tenues
496 368 621 447 grandia,
637 368 701 429 dum
713 369 805 449 pudor

122 465 131 490 ²
172 477 175 488 t
217 450 700 530 lmhellisquelpraelllusapotens
714 463 791 516 vetat
897 491 900 499 a

215 534 325 598 Laudes
340 538 451 614 egregii
463 534 593 596 Caesaris
607 546 635 595 et
650 547 712 598 tuas
787 556 790 563 ’

280 617 371 697 Culpa
385 620 514 680 deterere
526 623 630 698 ingeni.

217 743 288 816 Quis
299 743 416 825 llartem
430 747 523 805 tunica
534 755 639 805 tectum
654 746 826 824 adamantina
869 777 872 784 ·

115 846 120 860 ⁸
159 873 163 886 ,
215 827 310 906 Digne
326 830 484 906 scripserit,
501 838 548 889 aut
559 828 678 908 pulvere
690 829 803 903 Troico,

215 911 332 990 Nigrum
342 910 499 988 Merionen,
514 921 561 972 aut
573 929 630 991 ope
641 909 779 975 Palladis

278 991 404 1072 Tydiden
414 997 527 1074 superis
540 994 657 1074 parem?

214 1116 275 1178 Nos
290 1120 429 1196 convivia,
446 1134 499 1178 nos
512 1119 621 1197 proelia
632 1120 772 1198 virginum

215 1201 309 1262 Sectis
321 1204 349 1262 in
359 1203 483 1262 iuvenes.
491 1203 631 1282 unguibus
643 1206 749 1264 acrium

147 1287 149 1300 '
215 1282 374 1373 (laniamus,
387 1288 481 1363 vacui,
497 1289 558 1346 sive
572 1287 639 1366 quid
650 1289 765 1366 urimur,
802 1362 803 1365 Ἴ

276 1368 340 1430 Non
352 1378 464 1449 practer
475 1370 587 1430 solitum
598 1370 689 1432 leves.
737 1450 739 1454 Ι

519 1551 654 1561 ---

495 1652 594 1713 omre
609 1657 697 1715 vn.
863 1720 866 1729 ,

365 1772 411 1824 ro
425 1772 628 1826 ΜυΝΑΤωΜ
638 1773 823 1839 nemaeum.

190 1870 351 1934 Laudabunt
363 1873 411 1935 alii
424 1875 526 1936 claram
539 1875 675 1954 Rhodon,
690 1886 738 1937 aut
748 1859 914 1955 Mitylenen,

237 1956 468 2036 ‘AutEphesom
480 1961 632 2020 bimarisve
643 1959 770 2021 Corinthi
1092 2012 1094 2015 .

181 2037 313 2118 Moenia,
329 2042 377 2102 uel
387 2042 501 2104 Baedro
518 2043 629 2106 'lhebas
648 2044 696 2105 vel
709 2045 844 2124 Apolline
854 2044 986 2124 Delphos

256 2122 398 2204 Insignes,
411 2135 458 2187 eut
470 2125 609 2190 -Thessala
622 2126 740 2208 Tempe.
902 2176 904 2183 .
1219 2196 1228 2205 ‚

190 2209 260 2269 Sunt
271 2210 372 2287 quihus
383 2228 467 2270 unum
476 2228 552 2290 opus
564 2220 618 2289 est,
631 2213 753 2273 intactae
764 2212 886 2274 Palladis
896 2212 996 2272 urbem
1051 2215 1109 2282 5,
1161 2253 1166 2276 r

258 2291 387 2353 Cannine
397 2303 538 2373 perpetuo
552 2294 708 2373 celebrare,
721 2305 750 2356 ct

190 2373 320 2454 Undique
331 2375 493 2456 decerptam
504 2378 589 2438 fronti
604 2397 783 2458 praeponere
794 2379 908 2441 olivam.

214 2459 219 2465 ’
256 2458 393 2527 Plurimus
407 2463 436 2520 in
449 2460 563 2522 lunonis
575 2459 712 2522 honorem

143 2564 146 2574 ·
189 2541 292 2622 Aptnm
308 2543 385 2603 dicet
396 2547 478 2623 equis
489 2544 584 2623 Argos
597 2545 728 2624 ditesque
742 2545 888 2622 Mycenas.
913 2616 915 2627 ,
937 2548 939 2551 ’

189 2651 194 2666 s
255 2625 368 2687 Moneo
381 2637 436 2687 tam
449 2631 558 2705 patiens
572 2627 793 2689 Lacedaemon·
957 2690 960 2694 A
1020 2629 1073 2690 ,10

189 2694 250 2771 Nec
261 2719 317 2771 taun
327 2708 456 2770 larissae
469 2714 610 2789 percussit
621 2728 737 2789 campus
749 2713 871 2790 opimae,

257 2792 347 2867 Quam
361 2794 460 2854 domus
470 2793 619 2855 ‘Albuneae
630 2798 790 2855 resonantis

188 2873 225 2937 Et
240 2894 381 2956 praeceps
393 2879 467 2939 Anio
483 2897 517 2939 ac
527 2877 642 2939 Tiburni
653 2877 735 2938 lucus
747 2888 776 2940 et
786 2879 841 2943 uda

253 2959 407 3023 llobilibus
420 2964 544 3041 pomaria
554 2964 634 3024 riuis.

176 3041 278 3106 'Albus
290 3053 321 3104 ut
332 3046 455 3108 obscuro
466 3046 596 3125 deterget
609 3045 705 3134 nubile
717 3046 810 3107 coelo*
977 3116 985 3130 .
1029 3055 1072 3117 15

256 3128 351 3207 Saepe
361 3129 464 3208 Notus,
480 3149 574 3210 neque
585 3132 703 3209 parturit
713 3131 816 3191 imbres
1111 3128 1119 3143 ’

109 3245 110 3252 1
188 3206 361 3289 Perpetuos;
377 3215 420 3273 sic
434 3223 464 3274 tu
475 3217 588 3292 sapiens
602 3215 681 3274 linire
690 3223 832 3276 memento

257 3291 407 3357 'iristitiam
420 3300 553 3376 vitaeque
564 3297 679 3359 labores
