2525 3942
41 213 46 220 ’
129 214 228 289 [opor.
244 217 282 292 n]
361 183 367 196 “
535 214 646 275 uruun
666 216 703 278 u.

449 382 768 440 EPISTOMH·

306 486 371 538 ΑΙ)
406 486 623 540 IULIUM
657 488 906 545 FLORUM.

125 602 227 680 Flore,
250 605 326 664 bono
339 604 474 682 claroque
485 604 576 664 fidelis
587 608 677 666 amice
688 606 805 685 Neroni,

127 686 156 744 Si
169 688 232 763 quis
243 687 318 745 iorte
328 687 398 746 velit
413 703 530 765 puerum
541 688 591 747 tibi
602 689 728 749 vendere
739 700 831 751 natum
924 753 926 759 ,

125 768 228 827 Tibure
240 769 285 828 vel
298 767 411 846 Gabiis,
430 779 459 829 et
470 769 564 830 tecum
576 772 619 830 sic
629 782 694 849 agat
708 795 759 832 -ε
779 773 916 852 „Hic,·et
958 774 960 779 ’
1000 790 1005 796 ·

125 848 291 927 „Candidus
302 861 330 911 et
343 851 414 912 talos
426 871 442 912 a
452 851 561 912 vertic'e
572 854 692 931 pulcher
705 854 739 915 ad
750 858 832 934 imos,

2 946 9 955 '
123 932 210 1009 „uter
221 937 330 1012 eritque
341 943 405 994 tuus
416 952 589 995 nummorum
599 936 723 997 millibus
736 948 812 1017 octo,

123 1016 239 1093 „Verna
249 1018 409 1077 ministeriis
423 1018 457 1077 ad
468 1028 551 1077 nutus
562 1027 644 1096 aptus
656 1019 772 1096 heriles,

120 1097 404 1184 ‚‚Literulis¹Graecis
415 1100 552 1176 imbutus,
569 1100 688 1160 idoneus
699 1105 749 1161 arti

120 1179 283 1257 „Cuilibett
303 1182 401 1259 argilla
416 1182 526 1259 quidvis
538 1183 692 1243 imitaberis
705 1185 768 1244 uda.

119 1263 218 1339 „Quin
230 1267 313 1323 etiam
323 1264 557 1325 canetiudoctum
568 1265 620 1325 sed
631 1266 715 1326 dulce
725 1268 841 1327 bibenti.
885 1324 888 1327 .

118 1345 228 1422 „illulta
240 1346 323 1405 iidem
339 1350 478 1424 promissa
489 1346 599 1424 levant,
616 1350 664 1408 uhi
677 1349 787 1427 plenius
799 1367 890 1427 aequo

117 1425 245 1502 „Laudat
256 1428 389 1503 venales,
402 1431 449 1505 qui
461 1429 521 1502 vult
532 1430 699 1507 extrudere,
715 1450 837 1491 merces.

117 1510 295 1588 „Resurget
305 1528 350 1569 me
361 1510 451 1570 nulla:
467 1529 533 1571 meo
549 1529 611 1570 sum
622 1530 730 1591 pauper
740 1516 767 1572 in
783 1532 858 1574 aere.

117 1590 231 1667 „Nemo
243 1593 299 1651 hoc
309 1610 476 1669 mangonum
488 1594 596 1652 iaceret
607 1595 673 1673 tihi;
688 1612 743 1655 nun
755 1602 861 1655 temere
873 1615 888 1656 a
900 1615 946 1657 me

33 1688 47 1708 ’-
115 1674 240 1750 „Quivis
251 1675 338 1734 ferret
349 1675 433 1735 idem.
456 1676 552 1735 Semel
564 1677 610 1735 hic
621 1679 745 1737 cessavit
759 1688 801 1754 et,
819 1679 899 1755 utili,

114 1755 171 1833 „ln
182 1757 268 1816 scalis
280 1756 358 1818 latuit
369 1768 496 1826 metuens
507 1758 656 1836 pendentis
667 1761 829 1820 habenae.“
843 1796 897 1839 -‚
1044 1764 1079 1826 15

113 1840 174 1899 Des
183 1858 329 1916 nummos,
351 1850 472 1918 excepta
482 1842 551 1901 nihil
564 1851 593 1901 te
605 1844 629 1901 si
641 1843 707 1921 iuga
722 1843 822 1903 laedit:

112 1921 166 1982 llle
181 1924 256 1995 ierat,
264 1926 383 2002 pretium
395 1941 506 2002 poenae
518 1927 638 1985 securus
650 1929 760 2004 opinor.

112 2004 238 2066 Prudens
248 2009 340 2066 emisti
352 2010 502 2084 vitiosum,
523 2009 597 2068 dicta
609 2010 659 2068 tihi
675 2018 718 2069 est
729 2008 792 2069 lex:

111 2086 276 2175 Insequeris
289 2090 465 2166 tamenhuno
480 2101 509 2150 et
520 2092 570 2151 lite
581 2096 699 2169 moraris
711 2088 826 2170 iniqua?
1004 2167 1008 2170 ι

110 2171 176 2230 Dixi
192 2190 236 2231 me
248 2174 359 2250 pigrum
371 2174 562 2250 proiicisc‘euti
573 2176 639 2251 tihi,
656 2176 712 2235 dixi
750 2195 760 2207 ‘
1038 2180 1078 2239 20

105 2252 224 2314 'Talibus
236 2256 339 2315 officiis
351 2273 442 2333 prope
457 2276 599 2334 mancum,
616 2277 652 2318 ne
667 2277 729 2318 mea
743 2276 844 2318 saevus

108 2335 240 2414 Iurgares
252 2338 287 2398 ad
299 2340 415 2417 tequod
427 2340 550 2419 epistola
562 2341 638 2401 nulla
649 2342 763 2401 rediret.

110 2418 185 2492 Quid
196 2430 252 2480 tum
265 2422 392 2499 proieci,
409 2442 520 2483 mecum
531 2425 663 2483 facientia
674 2428 733 2483 iura

107 2502 139 2561 Si
151 2512 242 2562 tumen
254 2502 395 2563 attentas?
419 2504 553 2576 Quereris
565 2524 653 2581 super
664 2508 719 2565 hoc
731 2508 829 2582 etiarn,
849 2505 925 2584 quod

106 2584 279 2662 Exspectata
292 2585 341 2644 tihi
353 2602 409 2644 nou
423 2588 528 2645 mittam
545 2589 665 2645 carmina
676 2587 803 2647 mendax.
1023 2585 1075 2652 ‘25

106 2666 215 2726 Luculli
231 2666 313 2726 miles
328 2666 449 2727 collecta
459 2669 561 2727 viatica
571 2668 664 2726 multis

90 2759 93 2762 '
105 2748 271 2825 herumnis,
288 2749 381 2809 lassus
393 2750 456 2809 dum
470 2759 555 2810 noctu
567 2753 675 2827 stertit,
692 2752 727 2810 ad
739 2769 832 2811 assem

105 2832 283 2892 Perdiderat:
300 2842 366 2911 post
378 2833 434 2893 hoo
445 2834 598 2893 vehemens
611 2832 695 2911 lupus
710 2844 738 2893 et
749 2834 802 2895 sibi
815 2843 843 2895 et
853 2834 928 2895 hosti
986 2872 988 2878 ι

104 2914 195 2975 Iratus
208 2917 327 2992 pariter,
344 2917 445 2978 ieiunis
459 2916 588 2976 dentibus
600 2934 676 2992 acer,

37 3004 41 3008 ’
103 2999 277 3059 Praesidium
289 2999 387 3077 regale
399 2999 465 3059 loco
478 2999 597 3075 deiecit,
614 3008 645 3057 ut
656 3002 741 3075 aiunt,

104 3083 219 3142 Summe
233 3084 338 3157 munito
351 3092 379 3142 et
390 3082 535 3142 multarum
547 3083 633 3142 divite
648 3101 750 3141 rerum.

104 3166 204 3225 Clarus
217 3165 254 3225 oh
267 3164 296 3224 id
307 3164 430 3240 iactum,
446 3166 527 3225 donis
540 3175 653 3225 ornatur
663 3167 803 3241 honestis,
838 3198 842 3211 ·

102 3250 216 3325 Accipit
229 3247 312 3307 ethis
324 3249 396 3309 deua
407 3266 493 3326 super
504 3250 633 3309 sestertia
645 3268 793 3341 nummum.

811 3326 865 3379 lh*
