2525 3942
170 231 257 278 xx1v
470 228 518 276 DE
539 226 623 276 vlus
645 227 691 274 ltu
712 225 865 275 aculeum
1175 290 1178 297 Ι
1245 131 1248 273 i

171 390 264 463 quivis
282 405 368 460 equos
386 377 474 459 ¹atque
492 393 606 444 senator
627 387 722 442 Semel
741 382 912 464 prognatos'
939 382 1015 460 (Sat.
1032 386 1061 456 Ι,
1076 391 1110 456 6,
1129 392 1164 447 76

170 469 275 546 seqq).
321 471 363 527 lbi
388 478 468 544 pater
490 469 647 543 {optimus'
674 477 750 526 tanta
775 469 899 540 impensa
929 487 1000 540 quae
1024 471 1059 526 ad
1079 471 1164 527 lilium

171 556 351 612 erudiendum
365 556 540 628 pertinerent
555 555 647 609 omnia
662 552 868 625 suppeditavit,
891 548 921 608 ut
936 543 1164 618 vestimentorum

169 640 348 714 splendorem
362 631 562 709 servorumque
578 637 738 693 comitatum
752 633 799 710 (ut
812 652 877 690 6666
891 637 1002 692 solebat
1016 638 1045 714 in
1062 651 1163 707 magno

113 741 115 748 ’
169 721 363 796 666616,“1111
385 733 534 795 puerorum
547 721 691 776 nobilium
710 736 743 776 ae
765 719 881 775 divitum
903 726 998 786 vestes
1019 713 1181 792 pretiosae

71 877 77 882 ,
170 807 301 877 servique
313 811 462 877 sequentes
474 799 746 876 conspiciebantur),
759 803 800 858 ‘si
813 802 875 878 quis
886 802 1016 874 vidisset,
1033 804 1107 860 avite
1121 804 1164 859 Ex

169 907 201 946 re
213 889 344 963 praeberi
360 887 481 944 sumtus'
498 903 586 961 puero
599 886 746 942 ‘crederet
762 887 844 941 illos'
860 882 935 960 (Sat.
949 886 971 957 Ι,
985 893 1013 957 6,
1024 885 1161 962 78—80).
1200 906 1207 914 ‘

168 971 206 1028 dt
221 979 317 1044 pater,
335 973 418 1028 lromo
433 971 525 1042 frugi,
541 971 575 1027 ab
588 970 663 1026 inani
680 969 820 1040 gloriolae
835 970 954 1040 aucupio
967 978 996 1026 et
1010 972 1106 1028 insana
1119 972 1162 1027 di-

169 1057 255 1113 vitum
273 1072 306 1110 66
322 1056 509 1127 potentiorum
532 1053 719 1110 aemulatione
735 1052 939 1122 alienissimus,
966 1054 1060 1124 quiid
1080 1071 1161 1112 unum
1194 1093 1197 1099 ·

170 1133 244 1210 egit,
267 1145 296 1194 ut
318 1137 465 1194 ‘traditum
480 1139 514 1193 ab
536 1137 658 1206 antiquis
680 1152 785 1192 morem
806 1137 951 1192 servaret'
974 1154 1062 1208 puero
1086 1138 1162 1194 elna-

170 1238 224 1294 que
253 1221 356 1277 ‘uitam
379 1221 532 1291 famamque
554 1225 680 1274 tueretur
703 1218 886 1275 ineolumem'
907 1215 982 1293 (Sat.
1006 1221 1034 1290 l,
1056 1226 1088 1290 4,
1111 1222 1161 1279 117
1249 1278 1250 1281 ,

127 1325 136 1334 ·
169 1301 277 1378 seqq),
293 1320 364 1373 non,
380 1311 410 1359 ut
423 1304 508 1359 moris
526 1309 596 1371 erat,
613 1303 705 1375 serris
722 1303 831 1358 levibus
849 1309 879 1357 61
894 1304 1072 1375 corruptelae
1088 1304 1161 1360 omni

170 1388 301 1444 obnoxiis
322 1387 374 1442 lilii
395 1403 487 1442 curam
508 1386 662 1456 commisit,
680 1376 737 1442 'sed
756 1384 856 1458 ‘ipse'
879 1387 906 1442 ei
925 1387 1047 1444 vecustos
1067 1388 1161 1443 incor-

170 1471 346 1543 ruptissimus
356 1485 457 1526 omnes
470 1469 578 1526 Circum
594 1470 727 1525 doctores
742 1467 854 1538 aderat'
871 1466 945 1543 (Sat.
958 1471 987 1539 Ι,
1005 1476 1037 1540 6,
1054 1475 1097 1529 81.
1110 1467 1161 1543 81)

171 1571 287 1625 eumque
304 1554 504 1625 ‘pudicum-
514 1553 639 1610 servavit
649 1555 684 1611 ab
699 1553 772 1617 omni
782 1553 842 1608 Non
853 1554 943 1609 solum
953 1555 1050 1623 iacto,
1064 1570 1161 1611 verum

171 1637 325 1710 opprobrio
342 1653 451 1708 quoque
467 1637 558 1708 turpi,
568 1635 639 1714 ,Nec
653 1637 758 1705 timuit,
780 1637 835 1692 sibi
853 1653 888 1691 ne
904 1638 974 1718 vitio
989 1638 1051 1708 quis
1067 1643 1162 1692 vorte-

70 1735 78 1750 ·
170 1727 230 1790 ret,
246 1721 312 1776 olim
328 1720 358 1776 Si
374 1737 477 1792 praeco
492 1737 594 1793 parvas
612 1727 674 1789 aut,
689 1727 720 1775 ut
731 1721 785 1775 luit
800 1720 872 1792 1666,
887 1729 1003 1778 6666161
1015 1721 1162 1777 1161666166

170 1805 363 1875 sequeretur'.
400 1805 631 1876 Praeceptorum,
649 1803 750 1873 quibus
765 1803 895 1860 lloratius
910 1805 1011 1861 Romae
1027 1821 1094 1860 usus
1106 1810 1161 1873 661,

170 1903 253 1942 unum
264 1887 325 1958 1666
336 1894 533 1945 commemorat
543 1887 631 1959 Epist.
644 1887 680 1955 ll,
698 1893 722 1955 1,
733 1890 768 1944 69
778 1903 857 1956 seqq.
877 1884 1050 1942 ‘Orbilium'
1067 1886 1162 1958 Pupil-

169 1971 241 2039 lum,
257 1970 494 2046 beneventanum,
511 1971 650 2048 bominem
666 1966 848 2040 ‘plagosum'
857 2009 866 2037 ‚
886 1970 938 2025 sed
952 1970 1162 2038 grammaticum

170 2053 238 2110 satis
255 2052 365 2109 doctum
381 2050 431 2128 (de
449 2070 503 2125 quo
516 2055 597 2126 plura
612 2057 708 2107 narrat
720 2051 872 2106 Suetonius
886 2052 914 2107 in
930 2052 1018 2108 libro:
1046 2053 1082 2108 de
1096 2053 1162 2108 illn-

128 2133 140 2144 “
170 2136 274 2192 stribus
290 2138 476 2206 grammaticis
494 2154 554 2208 cap.
570 2132 619 2208 9),
638 2135 684 2205 qui
699 2133 769 2189 Livii
783 2132 937 2191 Andronici
955 2136 1077 2192 carmina
1091 2151 1162 2208 pue-

169 2220 209 2274 ris
225 2219 332 2275 dictare
348 2221 448 2276 solitus
469 2225 537 2276 erat.
580 2219 647 2271 Tum
671 2217 753 2272 etiam
774 2216 937 2286 llomerum,
959 2234 1040 2288 quem
1060 2236 1162 2290 magno

170 2318 263 2358 amore
285 2303 429 2374 amplexus
451 2310 586 2373 tamquam
607 2315 737 2354 summum
758 2299 848 2354 omnis
865 2301 1021 2373 sapientiae
1043 2308 1072 2357 et
1094 2320 1162 2375 pru·

170 2375 281 2441 dentiae
297 2391 508 2458 praeceptorem
523 2381 696 2452 suspiciebat
707 2377 810 2455 (Epist.
825 2383 848 2452 Ι,
860 2389 887 2452 1,
902 2392 917 2442 1
931 2381 1039 2458 seqq),
1054 2402 1162 2455 cogno-

59 2519 62 2522 .
169 2469 226 2538 uit,
242 2475 271 2524 ut
287 2469 349 2540 ipse
363 2467 518 2536 significat,
541 2480 601 2520 cum
615 2471 710 2522 narrat
724 2465 813 2537 Epist.
831 2466 872 2536 ΙΙ,
890 2474 921 2537 l,
937 2471 970 2525 11
987 2472 1083 2538 6141,
1106 2469 1162 2524 llo·

90 2567 96 2579 ·
139 2621 144 2630 ι
169 2568 229 2608 mae
247 2551 346 2608 nutriri
361 2549 417 2605 sibi
437 2548 591 2618 contigisse
609 2554 693 2618 61666
708 2549 822 2618 doceri,
841 2547 948 2608 ε116166
963 2550 1055 2608 Graiis
1074 2568 1161 2623 quan-

169 2642 226 2692 tum
246 2633 390 2690 nocuisset
410 2628 564 2687 Acbilles'.
609 2631 723 2688 Praeter
743 2634 949 2703 grammaticam
969 2636 1073 2692 ceteris
1091 2651 1162 2706 quo-

143 2735 225 2792 ,que
246 2717 369 2784 artibus,
400 2715 500 2786 quibus
528 2731 563 2772 ec
586 2721 713 2787 tempore
739 2716 869 2772 iuventus
891 2717 1011 2775 Romana
1038 2718 1162 2774 nobilior

170 2800 383 2868 instituebatur,
408 2799 543 2871 imprimis
565 2799 618 2856 arti
645 2800 788 2855 oratoriae
816 2817 930 2872 operam
955 2801 1069 2857 dedisse
1091 2814 1162 2858 1616

114 2895 118 2900 “
170 2883 260 2940 simile
287 2887 338 2936 est.
384 2881 617 2948 Quemadmodum
640 2888 731 2937 autem
751 2898 848 2939 omnes
865 2884 979 2940 Romani
1000 2885 1112 2940 nobiles
1133 2891 1164 2940 et

170 2964 283 3036 ingenui
298 2964 378 3021 bisce
393 2965 503 3034 scholis
514 2979 610 3038 parum
624 2965 799 3022 contenti-ad
816 2967 895 3038 16666
908 2967 1052 3025 1116161616
1066 2968 1161 3024 tontes

169 3048 198 3104 in
214 3047 357 3104 Graeciam
371 3049 544 3105 descendere
558 3049 701 3119 solebant,
718 3049 761 3106 sic
775 3050 858 3106 etiam
873 3050 1019 3120 lloratius,
1035 3058 1102 3122 toga
1117 3051 1162 3107 vi-

170 3131 217 3187 rili
231 3138 337 3202 sumta,
356 3132 431 3203 ipsas
446 3133 571 3188 Athenas
593 3149 625 3187 se
647 3132 779 3201 eontulit,
803 3149 875 3204 quae
896 3133 1045 3190 ‘adiecere
1065 3134 1161 3207 paullo

170 3214 233 3286 plus
260 3215 346 3286 artis,
378 3215 496 3272 Scilicet
521 3215 568 3271 nt'
595 3221 694 3286 posset
719 3214 822 3273 ‘curro
848 3217 1018 3287 dignoscere
1044 3224 1162 3286 rectum,
1246 3265 1252 3276 .

170 3298 262 3370 litque
290 3300 468 3356 16161611166
489 3298 623 3356 Academi
652 3311 790 3369 quaerere
815 3297 1052 3374 161661’(Ι16161.
1075 3301 1112 3370 ll,
1132 3306 1161 3370 1,
1190 3286 1200 3308 ’

169 3379 306 3458 lde-45).
352 3383 438 3449 Quam
453 3385 590 3441 ldusarum
611 3383 706 3439 sedem
729 3396 786 3454 quc
805 3400 878 3441 anno
898 3384 1002 3440 adierit
1017 3384 1162 3452 lloratius,
