2525 3942
416 247 449 308 Q.
471 245 620 294 nondun
642 245 781 294 noscet.
884 259 887 267 ’
1023 248 1096 296 XXV
1158 273 1176 308 0

102 427 152 466 nou
168 409 283 480 quidem
304 409 428 470 constst;
452 410 571 462 attamen
593 405 622 461 id
640 410 718 461 certe
738 405 856 463 evidens
878 412 938 477 est,
958 423 1021 464 anm
1041 407 1096 465 ianr

102 493 269 565 aliquamdiu
286 495 483 546 commoratum
500 488 540 566 ibi
556 504 638 559 esse,
660 495 807 560 anteqmm
826 497 892 562 post
912 491 975 546 lolii
991 490 1097 548 Gaesa-

101 579 138 632 ris
154 577 270 632 caedem
287 573 391 630 bellum
406 573 490 628 civile
508 579 674 644 erumperet.
704 573 768 628 Vid.
784 573 873 645 Epist.
886 574 921 644 ll,
932 580 961 645 2,
971 578 1096 634 losse.

101 689 141 702 -·
160 660 195 728 li,
208 659 260 730 ,qui
276 657 365 730 llpist.
383 657 424 724 ll,
438 662 471 724 2,
485 659 598 714 81-84
618 653 796 727 Ἱιςοιίιιιι,
819 658 875 714 sibi
897 659 977 729 quod·
991 673 1098 716 vacuas

102 743 235 800 desumsit
247 739 380 797 Athenas
401 739 436 794 Et
457 739 557 797 studiis
579 755 667 796 annos
688 746 797 811 septem
818 742 896 797 dedit
918 742 1098 814 insonuitque

101 827 188 884 Libris
216 832 247 880 et
261 823 345 896 ,cuais
367 823 440 878 etc’
465 823 501 878 ad
521 822 611 894 ipsum
626 822 770 879 Horatium
791 825 932 894 referunt,
945 843 1021 881 oum
1042 825 1098 882 iam

102 930 124 967 a.
141 929 166 965 u.
185 927 210 964 c.
229 912 282 968 705
297 907 343 963 vel
359 906 549 966 coelotenus
564 906 725 978 profectum=
737 913 766 962 et
780 923 871 980 prope
887 909 994 980 septem
1008 924 1096 965 annos

101 995 138 1050 ibi
161 993 263 1049 studiis
285 1007 317 1048 se
339 991 453 1046 dedisse
474 990 652 1046 contendunt.
700 991 759 1048 Alii
781 997 895 1061 contra,
918 992 966 1063 qui
988 993 1023 1048 ad
1047 1008 1093 1046 ue-

102 1079 209 1134 ritatem
229 1075 348 1148 propius
378 1073 516 1130 accedere
542 1073 608 1128 mibi
634 1073 779 1144 videntur,
801 1092 826 1133 a.
850 1091 878 1129 u.
898 1091 923 1130 c.
942 1078 1009 1145 709,
1041 1090 1098 1146 quo

101 1156 337 1217 annn'cicerouis
359 1157 448 1230 lilius,
458 1155 580 1212 ·lloratii
602 1163 695 1213 aetate
711 1158 772 1230 iere
793 1158 937 1230 aequalis,
961 1175 1014 1215 uua
1035 1173 1097 1214 cum

101 1243 249 1300 iuvenibus
267 1241 332 1297 aliis
348 1197 490 1296 nobilibus
512 1240 667 1296 studiorum
688 1257 789 1298 caussa
803 1243 928 1298 litbenas
951 1243 1097 1313 proiectus

101 1334 158 1397 est,
182 1343 231 1382 eo
238 1343 270 1382 se
291 1324 445 1381 contulisse
467 1329 598 1379 statuunt.
645 1325 687 1380 lbi
704 1326 822 1382 anamma
844 1326 998 1381 incubuit
990 1341 1018 1380 an
1037 1330 1096 1380 stu-

102 1402 174 1466 dium
187 1408 403 1482 philosophiae,
418 1423 499 1478 quam
513 1413 568 1462 tum
580 1395 781 1466 Theomnastus
792 1409 977 1466 Academicus
989 1414 1018 1464 et
1028 1407 1096 1464 crc-

102 1495 193 1566 tippus
209 1492 411 1563 Peripateticus
431 1505 534 1547 summa
558 1507 619 1564 cum
639 1492 721 1548 laude
744 1493 898 1562 docebant,
920 1492 1021 1563 quibus
1041 1507 1097 1546 non

102 1584 189 1647 recte,
208 1583 238 1631 ut
253 1575 374 1644 videtur,
396 1574 584 1630 Philodemum
599 1574 776 1647 Epicureum,
793 1577 872 1632 cuius
888 1576 1021 1632 Ηοιι11ιι
1036 1574 1095 1630 Sat.

102 1663 129 1730 l,
145 1667 178 1731 2,
195 1666 246 1718 121
262 1659 429 1714 mentionem
444 1659 527 1727 lacit,
549 1659 743 1721 adnumerant,
766 1675 802 1714 eo
817 1641 890 1714 enim
904 1659 1049 1714 fortasse'
1043 1667 1097 1714 ram

92 1745 219 1813 domae,
238 1742 288 1797 ubi
308 1741 357 1797 ille
379 1741 615 1811 commorabatur,
637 1747 821 1813 praeceptore
842 1759 909 1796 usus
930 1747 999 1798 erat.
1044 1741 1097 1796 Er-

102 1833 162 1883 rant
177 1832 269 1883 autem
285 1840 346 1878 oum
360 1825 398 1895 ii,
414 1825 461 1894 qui
473 1841 515 1880 ex
533 1825 584 1880 illo
599 1826 664 1881 loco
680 1824 767 1896 Epist.
786 1824 811 1879 ll
820 1864 829 1892 ,
842 1831 870 1894 2,
884 1828 997 1883 411-45
1012 1841 1098 1895 supra

103 1911 186 1967 allato
207 1908 345 1977 colligere
364 1923 449 1979 posse
465 1908 524 1964 sibi
536 1908 681 1977 videntur,
704 1924 766 1963 eom
781 1908 902 1964 Albanis
915 1907 1098 1978 geometriam
1190 1947 1194 1951 <

100 1995 255 2060 didicisse,
275 1997 331 2045 tum
347 1991 384 2060 ii,
403 1990 449 2062 qui
465 2008 527 2047 eum
541 1991 712 2048 Academiae
726 1998 829 2048 tantum
845 1991 1013 2063 disciplinae
1028 2006 1097 2062 ope-

101 2094 159 2148 ram
177 2076 292 2131 dedisse
306 2080 410 2146 putant.
449 2075 617 2146 Quamquam
632 2076 705 2131 enim
727 2076 789 2131 linis
802 2076 971 2133 llorntianae
983 2065 1097 2146 sapien-

68 2175 70 2178 ·
101 2162 157 2217 tiae
172 2159 285 2214 videtur
301 2158 390 2214 luisse
406 2175 490 2216 aureo
511 2159 559 2215 illa
573 2159 804 2215 Academicorum
818 2159 1014 2222 mediocritas;
1041 2173 1097 2213 non

102 2243 239 2298 tamenin
256 2241 383 2296 omnibus
400 2257 495 2297 eorum
511 2248 662 2314 praecepta
676 2244 830 2314 probabat,
852 2248 994 2315 etpostea
1016 2239 1097 2295 ‘uul-

101 2327 156 2381 lius
173 2325 303 2382 addictus
319 2324 413 2380 iurare
430 2325 458 2380 iu
473 2327 560 2382 verba
575 2324 719 2396 magistri’
734 2323 838 2400 (Epist.
856 2327 933 2396 l,.1‚
947 2330 984 2384 24
999 2319 1097 2397 seqq.)

101 2425 204 2481 sapere
226 2408 254 2464 ei
268 2409 357 2464 visum
379 2415 437 2478 est,
458 2406 562 2465 ‘verae
583 2425 769 2481 numerosque
791 2411 946 2480 modosque
967 2409 1098 2464 ediscere
1130 2478 1133 2484 .

101 2492 195 2550 vitae’
216 2488 320 2566 (Epist.
338 2491 378 2560 ll,
394 2497 428 2561 2,
448 2487 524 2565 114).
575 2492 662 2558 Quam
682 2499 772 2548 tamen
789 2494 866 2549 clare
882 2498 1032 2563 perspecta
1047 2493 1099 2546 lra-

101 2575 196 2631 buerit
211 2575 348 2643 omnium,
373 2581 401 2629 et
414 2591 465 2630 suo
486 2581 611 2647 tempore
628 2576 800 2645 florentium,
823 2582 852 2630 et
865 2575 990 2647 priorum
1004 2575 1098 2644 pbilo-

102 2660 256 2730 sophorum
272 2664 423 2729 praecepta
440 2665 468 2712 et
480 2658 662 2732 disciplinas,
677 2675 738 2713 cum
753 2674 790 2712 ex
805 2657 933 2713 omnibus
949 2656 1010 2710 eius
1027 2670 1098 2726 poe·

102 2743 222 2813 malibus
238 2741 433 2796 luminarime
451 2757 487 2796 ex
508 2741 638 2813 epistolis
659 2757 745 2797 verae
765 2741 841 2796 ritae
862 2738 1019 2811 sapientiae
1030 2737 1098 2820 ple-
1154 2753 1159 2758 ·

101 2826 226 2880 nissimis
248 2823 318 2880 satis
339 2831 463 2896 apparet.
507 2824 603 2896 Neque
627 2839 696 2880 vero
711 2823 831 2880 Athenis
846 2839 879 2879 ea
897 2821 1039 2892 neglexit,
1063 2821 1099 2877 ad

102 2923 220 2978 quorum
234 2907 380 2963 studium
373 2924 427 2964 mm
444 2909 546 2965 Romae
568 2909 700 2964 incitatus
718 2912 787 2963 erat.
839 2908 904 2980 lpse
925 2906 1014 2975 onim,
1036 2921 1098 2962 cnm

102 2992 217 3062 ‘ingeni
238 2991 388 3061 benignam
413 2991 526 3048 venam'
550 2993 605 3048 sibi
627 3009 643 3048 a
662 2991 766 3060 llusis,
793 2997 952 3048 nascentem
977 2988 1099 3084 placidis
1173 3013 1181 3019 ·

99 3075 252 3134 luminibus
263 3074 446 3145 videntibus,
461 3077 551 3132 datam
566 3092 630 3132 esse
646 3072 676 3130 in
687 3076 748 3131 dies
762 3057 937 3145 luculentiusl
946 3072 1099 3166 cognovis-

100 3163 162 3228 set,
183 3165 214 3214 ut
237 3158 339 3214 laetius
360 3158 410 3214 illa
427 3159 542 3228 flueret,
565 3159 782 3229 diligentissime
802 3160 920 3216 animum
940 3157 976 3214 ad
998 3155 1099 3228 poesin

100 3241 237 3299 Graecam
252 3242 389 3312 applicuit
404 3257 491 3313 seque
505 3249 591 3297 toturn
607 3242 643 3298 ad
657 3241 826 3299 Graecorum
841 3240 1009 3312 elegantiam
1023 3254 1100 3296 coru-

99 3327 203 3395 posuit.
231 3323 319 3391 ‚Quin
343 3325 425 3381 etiam
448 3343 509 3381 eum
529 3331 670 3396 tentasse,
700 3325 767 3396 quid
787 3327 816 3381 in
832 3324 947 3380 Graecis
967 3321 1099 3376 versibus

98 3409 261 3465 scribendis
280 3415 395 3480 posset,
424 3409 567 3480 colligitur
588 3425 603 3464 e
626 3408 684 3464 Sat.
705 3409 736 3479 l,
757 3413 806 3478 10,
828 3413 877 3465 dd:
911 3403 1021 3473 ‘Atque
1042 3417 1099 3472 ego
