2525 3942
213 214 275 279 loo
589 211 805 275 stilltlilltll
852 254 855 262 ‚
904 304 908 310 Ι
1058 218 1180 315 [caco]

294 365 403 441 Paene,
415 379 541 438 macros,
554 365 640 438 arsit,
657 364 722 422 dum
733 364 831 423 turdos
843 374 937 425 versat
948 366 976 426 in
987 366 1060 442 igni:

293 448 365 508 Nam
375 462 448 523 vage
462 462 514 523 per
523 453 649 505 veterem
665 446 775 524 dilapso
787 446 895 507 flamma
907 448 1026 507 culinam

292 529 420 590 Vulcano
432 546 569 587 summum
580 530 751 607 properabat
762 528 887 591 lambere
898 540 1013 590 tectum.

229 618 270 678 75
294 613 438 673 Convivas
449 611 549 671 avidos
560 629 679 672 coenam
690 629 850 695 servosque
865 614 997 673 timentes

292 696 362 755 'lum
373 693 571 772 reperentque
583 711 681 755 omnes
692 698 871 773 restinguere
882 696 957 756 velle
968 696 1090 755 videres

182 839 189 849 ,
259 778 395 855 Incipit
407 794 444 837 cx
454 776 504 836 illo
515 787 626 837 montes
638 777 763 855 Appulia
778 788 864 838 notos

176 923 180 931 ,
293 861 443 921 Ostentare
459 858 542 935 milri
562 876 635 937 quos
649 869 739 919 torret
748 861 884 920 Atabulus
900 870 929 919 et
942 878 1015 940 quos

292 943 440 1022 Nunquam
451 958 633 1019 crememus,
646 944 703 1002 nisi
718 946 876 1015 nos-vicina
891 942 1017 1002 Trivici*
1074 1016 1076 1023 Ι

229 1031 272 1092 80
292 1025 366 1086 Villa
379 1025 540 1102 recepisset
546 1024 702 1084 ·lacrimoso
715 1042 772 1085 non
783 1026 844 1085 sinc
856 1025 944 1101 lumo,

292 1109 372 1169 Udos
384 1125 447 1166 cum
458 1105 535 1165 loliis
547 1124 640 1166 remos
652 1115 750 1167 urente
762 1110 882 1168 camino.

292 1192 346 1251 Hic
361 1206 417 1267 ogo
428 1187 593 1248 mendacem
602 1190 783 1250 stultissimus
800 1208 891 1268 usquc
902 1189 1025 1267 puellam

291 1273 336 1333 Ad
346 1272 466 1333 mediam
475 1280 588 1333 noctem
599 1281 753 1349 exspecto;
769 1287 884 1333 somnus
899 1280 991 1333 tamen
1002 1272 1093 1333 aulert

290 1356 429 1416 Intentum
439 1355 553 1430 veneri,
566 1362 623 1414 tum
638 1355 779 1416 immundo
795 1357 902 1415 somnia
912 1357 975 1415 visu

192 1478 196 1481 ·
228 1442 268 1504 85
290 1436 462 1499 Nocturnum
471 1446 583 1496 vestem
594 1437 735 1498 maculant
744 1447 930 1517 tenuemque
941 1439 1080 1515 supinum.
1110 1441 1114 1457 '

291 1521 430 1595 Quattuor
441 1520 507 1579 binc
517 1518 642 1598 inpimur
651 1522 750 1599 viginti
763 1530 792 1581 et
804 1521 891 1581 millia
904 1521 1012 1596 rhedis,

289 1604 414 1665 llnnsuri
429 1603 587 1680 oppidulo,
604 1604 682 1682 quod
692 1622 778 1665 versu
790 1603 886 1665 dicere
896 1622 952 1665 non
968 1611 1024 1679 est,
1144 1630 1152 1641 =

239 1748 243 1754 ,
290 1688 386 1765 Signis
399 1686 536 1764 perfacile
548 1696 605 1747 est:
618 1689 697 1747 venit
707 1688 844 1751 vilissima
854 1706 948 1748 rerum

288 1771 342 1831 llic
354 1788 442 1848 aqua,
459 1770 512 1830 scd
523 1773 603 1848 penis
615 1771 703 1848 longe
715 1771 936 1849 pulcherrimus,
952 1768 1023 1829 ultra

226 1858 269 1918 90
290 1851 415 1914 cutiens
427 1861 457 1911 ut
470 1853 562 1913 soleat
572 1854 697 1913 humeris
712 1861 824 1931 portare
834 1855 935 1913 uiator.

113 1944 120 1951 '
289 1934 360 1995 Nam
372 1932 476 2001 Canusi
487 1935 649 2012 lapidosus,
666 1952 757 2012 aquae
769 1951 825 1994 uon
836 1935 920 1994 ditior
931 1952 999 1993 urna

290 2017 347 2089 Qui
356 2017 439 2077 locus
452 2034 469 2077 a
480 2017 546 2077 lorti
556 2016 697 2077 Diomede
709 2024 755 2075 est
765 2014 894 2077 conditus
911 2016 987 2077 olim.
1004 2048 1013 2061 κ

179 2144 187 2152 ,
287 2098 435 2159 Flentibus
447 2099 512 2159 binc
522 2098 624 2159 Varius
636 2098 756 2159 discedit
767 2107 891 2159 maestus
903 2100 1010 2159 amieis.

288 2180 358 2242 lnde
369 2179 468 2241 Rubos
478 2182 549 2239 icssr
563 2182 759 2258 pervenimus,
776 2190 876 2258 utpote
886 2180 1002 2258 longum

225 2269 265 2329 95
289 2263 465 2341 Carpentcs'
457 2270 512 2321 rter
523 2271 552 2321 et
568 2263 673 2327 iactum
688 2265 847 2341 corruptius
858 2264 949 2323 imbri.

286 2347 405 2406 Postera
417 2353 572 2443 tempestas
587 2345 706 2421 melior,
723 2347 770 2406 via
784 2347 866 2423 peior
878 2345 914 2405 ad
929 2330 1021 2423 usq'ue

217 2481 224 2492 x
286 2428 474 2487 Barimoenia
490 2428 617 2503 piscosi;
629 2426 952 2507 deinGuatiamepbis

227 2503 368 2569 lratls
380 2518 523 2569 exstructa
537 2509 648 2579 dedit
623 2528 756 2589 rususque
767 2513 918 2589 iocosque,

236 2593 378 2669 li·urn‚
394 2591 540 2653 damma
516 2610 578 2653 sune
589 2595 670 2655 tbura
683 2592 846 2672 liquescere
856 2594 951 2655 limine
963 2608 1056 2669 sacro,

206 2680 266 2743 100
286 2674 462 2737 Persuadere
474 2678 561 2755 cupit.
584 2675 689 2738 Credet
702 2675 947 2755 Iudaeusllpella,
993 2748 999 2752 ,

228 2764 232 2770 ’
286 2758 352 2819 Nou
361 2776 435 2836 epo:
447 2760 651 2839 nanqnudeos
663 2759 747 2821 didici
758 2776 890 2819 securum
901 2776 987 2835 agore
997 2765 1109 2837 aevum,

286 2840 365 2915 Nec,
382 2843 408 2902 si
421 2842 489 2920 quid
498 2844 560 2903 miri
574 2843 660 2904 iaciat
673 2848 785 2916 natura,
800 2840 872 2899 deos
883 2840 914 2899 id

287 2924 397 2983 Tristes
408 2942 446 2984 ex
459 2924 517 2984 alto
531 2925 605 2984 coeli
618 2924 765 2983 demittere
776 2930 867 2981 tecto.

268 3006 462 3067 -Brundisium
474 3006 577 3083 longae
594 3007 658 3065 linis
671 3003 976 3083 chartaeque-viaeque
990 3013 1045 3065 est.
