<?xml version="1.0" encoding="UTF-8"?>
<!DOCTYPE html PUBLIC "-//W3C//DTD XHTML 1.0 Transitional//EN"
    "http://www.w3.org/TR/xhtml1/DTD/xhtml1-transitional.dtd">
<html xmlns="http://www.w3.org/1999/xhtml" xml:lang="en" lang="en">
 <head>
  <title>
</title>
<meta http-equiv="Content-Type" content="text/html;charset=utf-8" />
  <meta name='ocr-system' content='tesseract 3.04.00' />
  <meta name='ocr-capabilities' content='ocr_page ocr_carea ocr_par ocr_line ocrx_word'/>
</head>
<body>
  <div class='ocr_page' id='page_1' title='image "./qhoratiiflaccio02schmgoog_0167.png"; bbox 0 0 2525 3942; ppageno 0'>
   <div class='ocr_carea' id='block_1_1' title="bbox 124 209 670 292">
    <p class='ocr_par' dir='ltr' id='par_1_1' title="bbox 124 209 670 292">
     <span class='ocr_line' id='line_1_1' title="bbox 124 209 670 292; baseline -0.002 -22"><span class='ocrx_word' id='word_1_1' title='bbox 124 215 189 292; x_wconf 85' lang='lat' dir='ltr'><strong>[ou.</strong></span> <span class='ocrx_word' id='word_1_2' title='bbox 201 218 226 274; x_wconf 82' lang='grc'><strong>9.</strong></span> <span class='ocrx_word' id='word_1_3' title='bbox 241 213 293 289; x_wconf 87' lang='grc' dir='ltr'><strong>ιο.]</strong></span> <span class='ocrx_word' id='word_1_4' title='bbox 491 209 602 272; x_wconf 75' lang='lat' dir='ltr'>LIBER</span> <span class='ocrx_word' id='word_1_5' title='bbox 622 209 670 270; x_wconf 88' lang='lat' dir='ltr'><strong>lv.</strong></span> 
     </span>
    </p>
   </div>
   <div class='ocr_carea' id='block_1_2' title="bbox 124 360 883 693">
    <p class='ocr_par' dir='ltr' id='par_1_2' title="bbox 124 360 776 525">
     <span class='ocr_line' id='line_1_2' title="bbox 124 360 758 441; baseline 0.003 -19"><span class='ocrx_word' id='word_1_6' title='bbox 124 419 131 433; x_wconf 81' lang='grc'><strong>,</strong></span> <span class='ocrx_word' id='word_1_7' title='bbox 273 361 388 423; x_wconf 81' lang='lat' dir='ltr'><strong>Paulum</strong></span> <span class='ocrx_word' id='word_1_8' title='bbox 402 360 532 441; x_wconf 75' lang='lat' dir='ltr'><strong>sepultae</strong></span> <span class='ocrx_word' id='word_1_9' title='bbox 543 362 627 423; x_wconf 85' lang='lat' dir='ltr'><strong>distat</strong></span> <span class='ocrx_word' id='word_1_10' title='bbox 640 363 758 424; x_wconf 79' lang='lat' dir='ltr'><strong>inertiae</strong></span> 
     </span>
     <span class='ocr_line' id='line_1_3' title="bbox 273 444 776 525; baseline 0 -19"><span class='ocrx_word' id='word_1_11' title='bbox 273 444 480 507; x_wconf 79' lang='lat' dir='ltr'><strong>cetatnnnus.</strong></span> <span class='ocrx_word' id='word_1_12' title='bbox 518 445 649 525; x_wconf 78' lang='lat' dir='ltr'><strong>Nonegc</strong></span> <span class='ocrx_word' id='word_1_13' title='bbox 665 449 776 507; x_wconf 86' lang='lat' dir='ltr'><strong>temeis</strong></span> 
     </span>
    </p>

    <p class='ocr_par' dir='ltr' id='par_1_3' title="bbox 321 527 883 693">
     <span class='ocr_line' id='line_1_4' title="bbox 321 527 883 608; baseline 0.002 -18"><span class='ocrx_word' id='word_1_14' title='bbox 321 527 432 591; x_wconf 83' lang='lat' dir='ltr'><strong>Gbertis</strong></span> <span class='ocrx_word' id='word_1_15' title='bbox 443 533 599 591; x_wconf 83' lang='lat' dir='ltr'><strong>inornatum</strong></span> <span class='ocrx_word' id='word_1_16' title='bbox 612 530 716 608; x_wconf 79' lang='lat' dir='ltr'>silebo,</span> <span class='ocrx_word' id='word_1_17' title='bbox 812 535 814 542; x_wconf 80' lang='lat'><em>&#39;</em></span> <span class='ocrx_word' id='word_1_18' title='bbox 880 529 883 536; x_wconf 76' lang='grc'>’</span> 
     </span>
     <span class='ocr_line' id='line_1_5' title="bbox 364 612 764 693; baseline 0.005 -19"><span class='ocrx_word' id='word_1_19' title='bbox 364 613 456 674; x_wconf 76' lang='lat' dir='ltr'><strong>&#39;l&#39;otue</strong></span> <span class='ocrx_word' id='word_1_20' title='bbox 470 623 536 674; x_wconf 90' lang='lat' dir='ltr'><strong>tuos</strong></span> <span class='ocrx_word' id='word_1_21' title='bbox 551 616 640 693; x_wconf 79' lang='lat' dir='ltr'><strong>patiar</strong></span> <span class='ocrx_word' id='word_1_22' title='bbox 650 612 764 676; x_wconf 88' lang='lat' dir='ltr'><strong>luburcs</strong></span> 
     </span>
    </p>
   </div>
   <div class='ocr_carea' id='block_1_3' title="bbox 270 737 833 1071">
    <p class='ocr_par' dir='ltr' id='par_1_4' title="bbox 270 737 833 1071">
     <span class='ocr_line' id='line_1_6' title="bbox 270 737 748 818; baseline 0.002 -19"><span class='ocrx_word' id='word_1_23' title='bbox 270 737 402 818; x_wconf 79' lang='lat' dir='ltr'><strong>Impune,</strong></span> <span class='ocrx_word' id='word_1_24' title='bbox 414 738 501 816; x_wconf 83' lang='lat' dir='ltr'><strong>Lolli,</strong></span> <span class='ocrx_word' id='word_1_25' title='bbox 517 757 635 818; x_wconf 83' lang='lat' dir='ltr'><strong>carpere</strong></span> <span class='ocrx_word' id='word_1_26' title='bbox 647 739 748 801; x_wconf 84' lang='lat' dir='ltr'><strong>lividas</strong></span> 
     </span>
     <span class='ocr_line' id='line_1_7' title="bbox 273 815 717 888; baseline 0.002 -5"><span class='ocrx_word' id='word_1_27' title='bbox 273 822 447 888; x_wconf 77' lang='lat' dir='ltr'><strong>obliviones.</strong></span> <span class='ocrx_word' id='word_1_28' title='bbox 482 822 654 885; x_wconf 83' lang='lat' dir='ltr'><strong>listunimus</strong></span> <span class='ocrx_word' id='word_1_29' title='bbox 666 815 717 884; x_wconf 88' lang='lat' dir='ltr'><strong>tibi</strong></span> 
     </span>
     <span class='ocr_line' id='line_1_8' title="bbox 321 905 804 987; baseline -0.002 -20"><span class='ocrx_word' id='word_1_30' title='bbox 321 906 484 987; x_wconf 83' lang='lat' dir='ltr'>Rerumque</span> <span class='ocrx_word' id='word_1_31' title='bbox 494 905 618 985; x_wconf 83' lang='lat' dir='ltr'><strong>prudens</strong></span> <span class='ocrx_word' id='word_1_32' title='bbox 630 916 660 967; x_wconf 91' lang='lat' dir='ltr'><strong>et</strong></span> <span class='ocrx_word' id='word_1_33' title='bbox 671 906 804 968; x_wconf 84' lang='lat' dir='ltr'><strong>secundis</strong></span> 
     </span>
     <span class='ocr_line' id='line_1_9' title="bbox 364 990 833 1071; baseline 0 -21"><span class='ocrx_word' id='word_1_34' title='bbox 364 990 552 1070; x_wconf 81' lang='lat' dir='ltr'><strong>Temporibus</strong></span> <span class='ocrx_word' id='word_1_35' title='bbox 564 990 715 1071; x_wconf 77' lang='lat' dir='ltr'><strong>dubiisque</strong></span> <span class='ocrx_word' id='word_1_36' title='bbox 725 999 833 1068; x_wconf 70' lang='lat' dir='ltr'><strong>rectus3</strong></span> 
     </span>
    </p>
   </div>
   <div class='ocr_carea' id='block_1_4' title="bbox 268 1099 913 1450">
    <p class='ocr_par' dir='ltr' id='par_1_5' title="bbox 268 1099 913 1450">
     <span class='ocr_line' id='line_1_10' title="bbox 269 1099 913 1179; baseline 0.003 -3"><span class='ocrx_word' id='word_1_37' title='bbox 269 1099 379 1178; x_wconf 68' lang='lat' dir='ltr'><strong>Vindex</strong></span> <span class='ocrx_word' id='word_1_38' title='bbox 392 1135 493 1179; x_wconf 80' lang='lat' dir='ltr'><strong>uvares</strong></span> <span class='ocrx_word' id='word_1_39' title='bbox 504 1117 611 1178; x_wconf 76' lang='lat' dir='ltr'><strong>incudis</strong></span> <span class='ocrx_word' id='word_1_40' title='bbox 625 1126 655 1178; x_wconf 93' lang='lat' dir='ltr'><strong>et</strong></span> <span class='ocrx_word' id='word_1_41' title='bbox 666 1118 811 1178; x_wconf 81' lang='lat' dir='ltr'><strong>abstinens</strong></span> <span class='ocrx_word' id='word_1_42' title='bbox 907 1131 913 1138; x_wconf 79' lang='grc'><strong>’</strong></span> 
     </span>
     <span class='ocr_line' id='line_1_11' title="bbox 268 1199 772 1280; baseline 0.002 -19"><span class='ocrx_word' id='word_1_43' title='bbox 268 1199 406 1262; x_wconf 76' lang='lat' dir='ltr'><strong>Ducentis</strong></span> <span class='ocrx_word' id='word_1_44' title='bbox 418 1200 453 1262; x_wconf 86' lang='lat' dir='ltr'><strong>ud</strong></span> <span class='ocrx_word' id='word_1_45' title='bbox 464 1220 498 1262; x_wconf 90' lang='lat' dir='ltr'><strong>se</strong></span> <span class='ocrx_word' id='word_1_46' title='bbox 509 1211 610 1262; x_wconf 83' lang='lat' dir='ltr'><strong>cuncte</strong></span> <span class='ocrx_word' id='word_1_47' title='bbox 620 1203 772 1280; x_wconf 84' lang='lat' dir='ltr'><strong>pecuniae,</strong></span> 
     </span>
     <span class='ocr_line' id='line_1_12' title="bbox 320 1282 733 1365; baseline 0.002 -20"><span class='ocrx_word' id='word_1_48' title='bbox 320 1282 484 1365; x_wconf 75' lang='lat' dir='ltr'><strong>Consulque</strong></span> <span class='ocrx_word' id='word_1_49' title='bbox 497 1302 554 1346; x_wconf 90' lang='lat' dir='ltr'><strong>non</strong></span> <span class='ocrx_word' id='word_1_50' title='bbox 565 1288 648 1346; x_wconf 83' lang='lat' dir='ltr'><strong>unius</strong></span> <span class='ocrx_word' id='word_1_51' title='bbox 659 1288 733 1363; x_wconf 84' lang='lat' dir='ltr'><strong>unni,</strong></span> 
     </span>
     <span class='ocr_line' id='line_1_13' title="bbox 361 1368 831 1450; baseline 0 -20"><span class='ocrx_word' id='word_1_52' title='bbox 361 1368 419 1430; x_wconf 86' lang='lat' dir='ltr'><strong>Sed</strong></span> <span class='ocrx_word' id='word_1_53' title='bbox 431 1372 544 1448; x_wconf 88' lang='lat' dir='ltr'><strong>quoties</strong></span> <span class='ocrx_word' id='word_1_54' title='bbox 554 1369 647 1430; x_wconf 83' lang='lat' dir='ltr'><strong>bonus</strong></span> <span class='ocrx_word' id='word_1_55' title='bbox 663 1379 748 1450; x_wconf 85' lang='lat' dir='ltr'><strong>utque</strong></span> <span class='ocrx_word' id='word_1_56' title='bbox 760 1369 831 1430; x_wconf 84' lang='lat' dir='ltr'><strong>fidus</strong></span> 
     </span>
    </p>
   </div>
   <div class='ocr_carea' id='block_1_5' title="bbox 212 1491 783 1825">
    <p class='ocr_par' dir='ltr' id='par_1_6' title="bbox 212 1491 783 1825">
     <span class='ocr_line' id='line_1_14' title="bbox 268 1491 745 1573; baseline -0.002 -20"><span class='ocrx_word' id='word_1_57' title='bbox 268 1491 357 1556; x_wconf 87' lang='lat' dir='ltr'><strong>index</strong></span> <span class='ocrx_word' id='word_1_58' title='bbox 367 1494 517 1555; x_wconf 85' lang='lat' dir='ltr'><strong>honestum</strong></span> <span class='ocrx_word' id='word_1_59' title='bbox 531 1492 663 1573; x_wconf 60' lang='lat' dir='ltr'><strong>praetulit</strong></span> <span class='ocrx_word' id='word_1_60' title='bbox 673 1493 745 1570; x_wconf 85' lang='lat' dir='ltr'><strong>utili,</strong></span> 
     </span>
     <span class='ocr_line' id='line_1_15' title="bbox 268 1576 707 1640; baseline -0.005 -2"><span class='ocrx_word' id='word_1_61' title='bbox 268 1576 382 1638; x_wconf 78' lang='lat' dir='ltr'><strong>Reiecit</strong></span> <span class='ocrx_word' id='word_1_62' title='bbox 392 1577 449 1639; x_wconf 82' lang='lat' dir='ltr'><strong>altu</strong></span> <span class='ocrx_word' id='word_1_63' title='bbox 461 1577 535 1640; x_wconf 85' lang='lat' dir='ltr'><strong>done</strong></span> <span class='ocrx_word' id='word_1_64' title='bbox 545 1579 707 1637; x_wconf 88' lang='lat' dir='ltr'><strong>nocentium</strong></span> 
     </span>
     <span class='ocr_line' id='line_1_16' title="bbox 212 1660 783 1740; baseline -0.004 -20"><span class='ocrx_word' id='word_1_65' title='bbox 212 1723 216 1734; x_wconf 70' lang='grc'>,</span> <span class='ocrx_word' id='word_1_66' title='bbox 321 1660 422 1738; x_wconf 87' lang='lat' dir='ltr'><strong>Vultu,</strong></span> <span class='ocrx_word' id='word_1_67' title='bbox 435 1679 487 1740; x_wconf 86' lang='lat' dir='ltr'><strong>per</strong></span> <span class='ocrx_word' id='word_1_68' title='bbox 497 1661 644 1722; x_wconf 85' lang='lat' dir='ltr'><strong>obstantes</strong></span> <span class='ocrx_word' id='word_1_69' title='bbox 656 1669 783 1720; x_wconf 79' lang='lat' dir='ltr'><strong>catervas</strong></span> 
     </span>
     <span class='ocr_line' id='line_1_17' title="bbox 361 1745 768 1825; baseline -0.01 -19"><span class='ocrx_word' id='word_1_70' title='bbox 361 1745 506 1825; x_wconf 81' lang='lat' dir='ltr'><strong>Explicuit</strong></span> <span class='ocrx_word' id='word_1_71' title='bbox 517 1763 567 1806; x_wconf 85' lang='lat' dir='ltr'><strong>sua</strong></span> <span class='ocrx_word' id='word_1_72' title='bbox 581 1747 674 1805; x_wconf 86' lang='lat' dir='ltr'><strong>victur</strong></span> <span class='ocrx_word' id='word_1_73' title='bbox 684 1761 768 1804; x_wconf 81' lang='lat' dir='ltr'><strong>erma.</strong></span> 
     </span>
    </p>
   </div>
   <div class='ocr_carea' id='block_1_6' title="bbox 269 1840 799 1949">
    <p class='ocr_par' dir='ltr' id='par_1_7' title="bbox 269 1840 799 1949">
     <span class='ocr_line' id='line_1_18' title="bbox 269 1840 799 1949; baseline -0.011 -16"><span class='ocrx_word' id='word_1_74' title='bbox 269 1871 334 1933; x_wconf 89' lang='lat' dir='ltr'><strong>Non</strong></span> <span class='ocrx_word' id='word_1_75' title='bbox 346 1870 541 1949; x_wconf 85' lang='lat' dir='ltr'><strong>possidentem</strong></span> <span class='ocrx_word' id='word_1_76' title='bbox 549 1866 635 1931; x_wconf 77' lang='lat' dir='ltr'><strong>multu</strong></span> <span class='ocrx_word' id='word_1_77' title='bbox 650 1840 799 1930; x_wconf 73' lang='lat' dir='ltr'><strong>vocbvens</strong></span> 
     </span>
    </p>
   </div>
   <div class='ocr_carea' id='block_1_7' title="bbox 146 1955 811 2200">
    <p class='ocr_par' dir='ltr' id='par_1_8' title="bbox 146 1955 811 2200">
     <span class='ocr_line' id='line_1_19' title="bbox 146 1955 767 2030; baseline -0.01 -13"><span class='ocrx_word' id='word_1_78' title='bbox 146 1982 148 1997; x_wconf 77' lang='lat'><em>=</em></span> <span class='ocrx_word' id='word_1_79' title='bbox 267 1955 358 2016; x_wconf 84' lang='lat' dir='ltr'><strong>Recte</strong></span> <span class='ocrx_word' id='word_1_80' title='bbox 372 1955 499 2024; x_wconf 84' lang='lat' dir='ltr'><strong>beetum;</strong></span> <span class='ocrx_word' id='word_1_81' title='bbox 524 1956 631 2015; x_wconf 89' lang='lat' dir='ltr'><strong>rectius</strong></span> <span class='ocrx_word' id='word_1_82' title='bbox 644 1960 767 2030; x_wconf 83' lang='lat' dir='ltr'><strong>occupet</strong></span> 
     </span>
     <span class='ocr_line' id='line_1_20' title="bbox 187 2036 811 2118; baseline -0.006 -18"><span class='ocrx_word' id='word_1_83' title='bbox 187 2068 189 2075; x_wconf 95' lang='lat'>·</span> <span class='ocrx_word' id='word_1_84' title='bbox 318 2037 530 2116; x_wconf 86' lang='lat' dir='ltr'><strong>Nomenbeeti,</strong></span> <span class='ocrx_word' id='word_1_85' title='bbox 547 2039 594 2118; x_wconf 90' lang='lat' dir='ltr'><strong>qui</strong></span> <span class='ocrx_word' id='word_1_86' title='bbox 606 2036 723 2108; x_wconf 84' lang='lat' dir='ltr'><strong>deorum</strong></span> <span class='ocrx_word' id='word_1_87' title='bbox 805 2071 811 2078; x_wconf 92' lang='lat'>-</span> 
     </span>
     <span class='ocr_line' id='line_1_21' title="bbox 361 2122 730 2200; baseline -0.011 -17"><span class='ocrx_word' id='word_1_88' title='bbox 361 2122 524 2184; x_wconf 84' lang='lat' dir='ltr'><strong>biuneribus</strong></span> <span class='ocrx_word' id='word_1_89' title='bbox 537 2124 681 2200; x_wconf 73' lang='lat' dir='ltr'><strong>sapienter</strong></span> <span class='ocrx_word' id='word_1_90' title='bbox 691 2122 730 2180; x_wconf 90' lang='lat' dir='ltr'><strong>uti</strong></span> 
     </span>
    </p>
   </div>
   <div class='ocr_carea' id='block_1_8' title="bbox 259 2246 786 2578">
    <p class='ocr_par' dir='ltr' id='par_1_9' title="bbox 267 2246 786 2328">
     <span class='ocr_line' id='line_1_22' title="bbox 267 2246 786 2328; baseline -0.004 -20"><span class='ocrx_word' id='word_1_91' title='bbox 267 2247 430 2328; x_wconf 73' lang='lat' dir='ltr'><strong>lineumque</strong></span> <span class='ocrx_word' id='word_1_92' title='bbox 444 2246 529 2308; x_wconf 83' lang='lat' dir='ltr'><strong>callet</strong></span> <span class='ocrx_word' id='word_1_93' title='bbox 538 2248 705 2326; x_wconf 85' lang='lat' dir='ltr'><strong>pauperiem</strong></span> <span class='ocrx_word' id='word_1_94' title='bbox 719 2246 786 2323; x_wconf 84' lang='lat' dir='ltr'><strong>pati,</strong></span> 
     </span>
    </p>

    <p class='ocr_par' dir='ltr' id='par_1_10' title="bbox 269 2330 767 2494">
     <span class='ocr_line' id='line_1_23' title="bbox 269 2330 728 2412; baseline -0.004 -21"><span class='ocrx_word' id='word_1_95' title='bbox 269 2330 409 2412; x_wconf 85' lang='lat' dir='ltr'><strong>Peiusque</strong></span> <span class='ocrx_word' id='word_1_96' title='bbox 419 2331 477 2393; x_wconf 86' lang='lat' dir='ltr'><strong>leto</strong></span> <span class='ocrx_word' id='word_1_97' title='bbox 493 2331 629 2410; x_wconf 79' lang='lat' dir='ltr'><strong>flagitium</strong></span> <span class='ocrx_word' id='word_1_98' title='bbox 639 2333 728 2407; x_wconf 80' lang='lat' dir='ltr'><strong>timet,</strong></span> 
     </span>
     <span class='ocr_line' id='line_1_24' title="bbox 320 2414 767 2494; baseline -0.009 -18"><span class='ocrx_word' id='word_1_99' title='bbox 320 2414 446 2476; x_wconf 87' lang='lat' dir='ltr'><strong>Nonille</strong></span> <span class='ocrx_word' id='word_1_100' title='bbox 460 2433 512 2494; x_wconf 89' lang='lat' dir='ltr'><strong>pro</strong></span> <span class='ocrx_word' id='word_1_101' title='bbox 524 2417 597 2476; x_wconf 83' lang='lat' dir='ltr'><strong>curis</strong></span> <span class='ocrx_word' id='word_1_102' title='bbox 610 2416 709 2475; x_wconf 80' lang='lat' dir='ltr'><strong>amicis</strong></span> <span class='ocrx_word' id='word_1_103' title='bbox 759 2433 767 2442; x_wconf 72' lang='grc'><strong>’</strong></span> 
     </span>
    </p>

    <p class='ocr_par' dir='ltr' id='par_1_11' title="bbox 259 2499 756 2578">
     <span class='ocr_line' id='line_1_25' title="bbox 259 2499 756 2578; baseline -0.008 -18"><span class='ocrx_word' id='word_1_104' title='bbox 259 2561 264 2569; x_wconf 67' lang='grc'>,</span> <span class='ocrx_word' id='word_1_105' title='bbox 361 2499 418 2560; x_wconf 80' lang='lat' dir='ltr'><strong>Aut</strong></span> <span class='ocrx_word' id='word_1_106' title='bbox 429 2502 517 2578; x_wconf 82' lang='lat' dir='ltr'><strong>patrie</strong></span> <span class='ocrx_word' id='word_1_107' title='bbox 527 2499 640 2559; x_wconf 89' lang='lat' dir='ltr'><strong>timidus</strong></span> <span class='ocrx_word' id='word_1_108' title='bbox 651 2499 756 2576; x_wconf 84' lang='lat' dir='ltr'><strong>perire.</strong></span> 
     </span>
    </p>
   </div>
   <div class='ocr_carea' id='block_1_9' title="bbox 531 2657 678 2669">
    <p class='ocr_par' dir='ltr' id='par_1_12' title="bbox 531 2657 678 2669">
     <span class='ocr_line' id='line_1_26' title="bbox 531 2657 678 2669; baseline -0.02 0"><span class='ocrx_word' id='word_1_109' title='bbox 531 2657 678 2669; x_wconf 80' lang='lat'>——-—</span> 
     </span>
    </p>
   </div>
   <div class='ocr_carea' id='block_1_10' title="bbox 245 2803 937 2979">
    <p class='ocr_par' dir='ltr' id='par_1_13' title="bbox 245 2803 937 2979">
     <span class='ocr_line' id='line_1_27' title="bbox 245 2803 937 2910; baseline -0.009 -48"><span class='ocrx_word' id='word_1_110' title='bbox 245 2896 249 2909; x_wconf 25' lang='lat' dir='ltr'>x</span> <span class='ocrx_word' id='word_1_111' title='bbox 514 2803 725 2910; x_wconf 40' lang='lat' dir='ltr'><strong>olenti..</strong></span> <span class='ocrx_word' id='word_1_112' title='bbox 933 2888 937 2896; x_wconf 92' lang='lat'>.</span> 
     </span>
     <span class='ocr_line' id='line_1_28' title="bbox 374 2917 927 2979; baseline -0.007 -4"><span class='ocrx_word' id='word_1_113' title='bbox 374 2923 440 2975; x_wconf 71' lang='grc' dir='ltr'><strong>ΔΙ)</strong></span> <span class='ocrx_word' id='word_1_114' title='bbox 476 2917 830 2979; x_wconf 69' lang='grc' dir='ltr'><strong>ΒΙΘῊῙΝΠΜ.</strong></span> <span class='ocrx_word' id='word_1_115' title='bbox 924 2949 927 2955; x_wconf 83' lang='grc'><strong><em>·</em></strong></span> 
     </span>
    </p>
   </div>
   <div class='ocr_carea' id='block_1_11' title="bbox 176 3022 1039 3365">
    <p class='ocr_par' dir='ltr' id='par_1_14' title="bbox 202 3022 949 3195">
     <span class='ocr_line' id='line_1_29' title="bbox 203 3022 945 3110; baseline -0.001 -18"><span class='ocrx_word' id='word_1_116' title='bbox 203 3032 364 3095; x_wconf 86' lang='lat' dir='ltr'><strong>Ocrudelis</strong></span> <span class='ocrx_word' id='word_1_117' title='bbox 379 3032 470 3095; x_wconf 82' lang='lat' dir='ltr'><strong>adbuc</strong></span> <span class='ocrx_word' id='word_1_118' title='bbox 486 3042 515 3094; x_wconf 89' lang='lat' dir='ltr'><strong>et</strong></span> <span class='ocrx_word' id='word_1_119' title='bbox 523 3022 643 3095; x_wconf 86' lang='lat' dir='ltr'><strong>Veneris</strong></span> <span class='ocrx_word' id='word_1_120' title='bbox 656 3031 818 3108; x_wconf 79' lang='lat' dir='ltr'><strong>muneribus</strong></span> <span class='ocrx_word' id='word_1_121' title='bbox 832 3039 945 3110; x_wconf 85' lang='lat' dir='ltr'><strong>petens,</strong></span> 
     </span>
     <span class='ocr_line' id='line_1_30' title="bbox 202 3115 949 3195; baseline 0 -19"><span class='ocrx_word' id='word_1_122' title='bbox 202 3115 713 3195; x_wconf 78' lang='lat' dir='ltr'><strong>Insperututnuecumuenietplumu</strong></span> <span class='ocrx_word' id='word_1_123' title='bbox 728 3116 880 3194; x_wconf 80' lang='lat' dir='ltr'><strong>superbius</strong></span> <span class='ocrx_word' id='word_1_124' title='bbox 947 3183 949 3188; x_wconf 55' lang='grc'>,</span> 
     </span>
    </p>

    <p class='ocr_par' dir='ltr' id='par_1_15' title="bbox 176 3199 1039 3365">
     <span class='ocr_line' id='line_1_31' title="bbox 176 3199 1039 3281; baseline 0 -22"><span class='ocrx_word' id='word_1_125' title='bbox 176 3203 185 3214; x_wconf 85' lang='grc'><em>’</em></span> <span class='ocrx_word' id='word_1_126' title='bbox 200 3199 254 3278; x_wconf 87' lang='lat' dir='ltr'><strong>Et,</strong></span> <span class='ocrx_word' id='word_1_127' title='bbox 271 3220 346 3281; x_wconf 77' lang='lat' dir='ltr'><strong>quae</strong></span> <span class='ocrx_word' id='word_1_128' title='bbox 357 3220 431 3262; x_wconf 92' lang='lat' dir='ltr'><strong>nunc</strong></span> <span class='ocrx_word' id='word_1_129' title='bbox 445 3202 570 3262; x_wconf 88' lang='lat' dir='ltr'><strong>humeris</strong></span> <span class='ocrx_word' id='word_1_130' title='bbox 583 3201 743 3278; x_wconf 69' lang='lat' dir='ltr'><strong>invement,</strong></span> <span class='ocrx_word' id='word_1_131' title='bbox 764 3200 919 3262; x_wconf 88' lang='lat' dir='ltr'><strong>deciderint</strong></span> <span class='ocrx_word' id='word_1_132' title='bbox 930 3216 1039 3276; x_wconf 83' lang='lat' dir='ltr'><strong>comae,</strong></span> 
     </span>
     <span class='ocr_line' id='line_1_32' title="bbox 202 3284 968 3365; baseline -0.003 -20"><span class='ocrx_word' id='word_1_133' title='bbox 202 3284 284 3345; x_wconf 87' lang='lat' dir='ltr'><strong>Nunc</strong></span> <span class='ocrx_word' id='word_1_134' title='bbox 295 3294 325 3345; x_wconf 81' lang='lat' dir='ltr'><strong>et</strong></span> <span class='ocrx_word' id='word_1_135' title='bbox 339 3287 388 3365; x_wconf 88' lang='lat' dir='ltr'><strong>qui</strong></span> <span class='ocrx_word' id='word_1_136' title='bbox 403 3285 484 3346; x_wconf 88' lang='lat' dir='ltr'><strong>color</strong></span> <span class='ocrx_word' id='word_1_137' title='bbox 496 3295 540 3346; x_wconf 87' lang='lat' dir='ltr'><strong>cst</strong></span> <span class='ocrx_word' id='word_1_138' title='bbox 551 3288 691 3364; x_wconf 84' lang='lat' dir='ltr'><strong>puniceae</strong></span> <span class='ocrx_word' id='word_1_139' title='bbox 704 3285 775 3346; x_wconf 87' lang='lat' dir='ltr'><strong>iiure</strong></span> <span class='ocrx_word' id='word_1_140' title='bbox 786 3286 968 3364; x_wconf 73' lang='lat' dir='ltr'><strong>priscumne,</strong></span> 
     </span>
    </p>
   </div>
   <div class='ocr_carea' id='block_1_12' title="bbox 1057 3005 1072 3042">
    <p class='ocr_par' dir='ltr' id='par_1_16' title="bbox 1057 3005 1072 3042">
     <span class='ocr_line' id='line_1_33' title="bbox 1057 3005 1072 3042; baseline 0 0"><span class='ocrx_word' id='word_1_141' title='bbox 1057 3005 1072 3042; x_wconf 62' lang='grc' dir='ltr'><em>Ι</em></span> 
     </span>
    </p>
   </div>
   <div class='ocr_carea' id='block_1_13' title="bbox 0 0 1268 3942">
    <p class='ocr_par' dir='ltr' id='par_1_17' title="bbox 0 0 1268 3942">
     <span class='ocr_line' id='line_1_34' title="bbox 0 0 1268 3942; baseline 0 2"><span class='ocrx_word' id='word_1_142' title='bbox 0 0 1268 3942; x_wconf 95' lang='lat' dir='ltr'><strong> </strong></span> 
     </span>
    </p>
   </div>
  </div>
 </body>
</html>
