2525 3942
65 163 252 263 [ouanm'q
290 235 305 250 ,,
464 168 575 242 LIBER
595 179 618 240 1.
651 190 665 198 ·
982 180 1022 242 19

187 331 242 394 Hie
252 333 347 394 riuum
360 333 427 393 mihi
439 336 602 411 caespitem,
614 333 662 392 hie

231 416 389 494 vehente,
407 419 497 494 pueri,
511 418 607 495 ponite
618 416 756 495 thuraque

188 499 259 562 Bimi
272 518 335 560 eum
349 509 446 579 patera
456 502 540 560 meri:

112 621 117 644 r
231 581 352 646 Mactata
361 586 457 646 veniet
467 584 558 644 lenior
567 585 669 646 hostia.

444 867 544 924 ΜΕ
562 869 641 924 XX·

371 987 419 1038 AD
437 984 711 1038 mhquNATttM.

234 1105 299 1166 Vile
312 1106 422 1186 potabis
435 1105 555 1170 modieis
566 1107 698 1171 Sabinum

236 1188 393 1266 (tantumn,
411 1188 518 1251 Graeca
530 1191 607 1270 qued
625 1207 682 1270 ego
694 1191 758 1268 ipse
772 1197 846 1250 testa

234 1272 383 1347 eonditum
396 1274 464 1351 levi,
478 1273 558 1348 datus
569 1277 598 1334 in
611 1275 721 1334 theatro
798 1270 801 1279 '

285 1356 354 1417 cnm
368 1357 418 1417 tibi
431 1357 556 1437 plausus,

236 1489 309 1554 Care
319 1490 470 1552 Maeeenae
484 1509 585 1572 eques,
599 1501 630 1552 ut
641 1493 749 1571 paterni
868 1507 872 1515 ·

237 1575 372 1637 Fluminis
382 1577 462 1652 ripae
473 1576 554 1635 simul
568 1584 596 1634 et
610 1577 709 1635 iocosa

236 1658 380 1726 Redderet
390 1657 489 1717 landes
500 1660 551 1719 tihi
561 1659 690 1720 Vaticani

269 1807 271 1820 Ι
284 1741 388 1802 Montis
400 1743 503 1819 imago.

233 1874 394 1936 Gaeeuhum
407 1884 435 1935 et
445 1875 526 1954 prelo
539 1874 668 1936 domitam
681 1873 788 1938 Caleno

236 1959 278 2020 Tu
288 1961 371 2021 bibes
381 1975 477 2020 uranu:
499 1978 561 2020 men
572 1978 626 2020 nee
637 1959 773 2020 Falernae

237 2043 404 2122 'temperant
414 2045 487 2105 vites
498 2061 592 2124 neque
602 2043 743 2105 Formiani

288 2127 393 2190 Pocula
408 2127 508 2188 uelles.
575 2164 577 2183 r

438 2381 538 2437 enne
554 2383 652 2438 xxr.
752 2342 801 2461 J

290 2497 332 2551 m
348 2497 492 2550 nmmum
509 2497 561 2550 nr
574 2498 800 2552 anonumum.

217 2600 334 2661 Dianam
345 2609 461 2662 tenerae
473 2599 558 2660 dicite
569 2603 706 2679 virginee,

176 2692 179 2700 ’
216 2683 370 2762 intonsum,
383 2686 474 2763 pueri,
491 2684 575 2744 dieite
589 2682 739 2761 Cynthium

269 2767 460 2849 Latonamque
471 2786 603 2846 supremo

224 2911 227 2917 .
322 2851 671 2932 Dilectampenituslori!

220 2985 280 3047 Vos
290 2986 391 3048 laetam
405 2987 498 3050 fluviis
516 2997 545 3048 et
554 3005 700 3050 nemorum
712 3005 801 3064 tome,
970 3029 974 3037 -
1008 2990 1027 3051 5

221 3069 413 3152 Quaecunque
424 3081 472 3134 aut
485 3072 583 3151 gelide
594 3074 735 3152 prominet
743 3070 861 3150 Algido,

272 3154 368 3234 Nigris
379 3166 426 3217 aut
437 3155 598 3233 Erymanthi

323 3238 408 3300 Silvis
421 3248 468 3300 aut
480 3241 577 3300 viridis
594 3241 693 3319 Cragh
843 3321 862 3372 2
