2525 3942
100 218 169 296 [ou
179 219 223 275 1s.
236 162 287 290 rel
476 208 652 272 ,umnam
864 209 868 218 '
981 206 1068 274 *109

253 365 317 438 Quo
329 346 521 440 iugitvenus3
533 363 608 439 beu,
627 377 722 440 quove
736 356 838 420 colori
861 358 968 434 decens

160 447 166 463 “
253 448 318 521 Quo
330 442 444 506 motus?
467 444 542 519 Quid
554 447 643 507 habes
654 444 745 521 illius,
758 443 845 520 illius,

302 529 383 604 Quae
394 530 519 607 spirabat
529 547 651 604 amores,
841 539 850 548 ⁵

346 612 427 687 Quae
437 631 483 672 me
495 622 645 692 surpuerat
660 613 738 690 mihi,

189 759 192 771 “
251 729 565 817 llelixpost'cinaram
588 746 713 817 notaque
726 739 863 799 eturtium
919 743 929 754 '
969 753 973 761 ·

161 822 165 832 '
252 820 520 884 Gratarumlaciesl
543 821 601 882 Sed
614 821 732 883 Cinarae
744 821 847 902 breves
938 835 943 846 ‘

299 906 398 967 Annos
409 906 467 966 lata
477 905 627 982 dederunt,-

232 993 236 997 ’
343 990 492 1051 Seruatum
504 989 658 1069 diuparcm

204 1107 208 1115 ’
253 1113 382 1176 Cornicis
392 1114 505 1176 vetulae
516 1113 692 1192 temporibus
703 1112 808 1188 Lycen,

251 1199 412 1259 Posscntut
424 1201 542 1260 iuvenes
556 1200 653 1258 risere
666 1195 768 1256 fervidi

178 1327 181 1332 ,
295 1282 599 1344 'llultonunsinerisu

328 1366 523 1445 'Dilapsamin
536 1364 759 1426 cineresfacem.
816 1413 820 1426 t

511 1527 663 1538 ——4

471 1681 572 1741 oron
599 1682 699 1736 nv.

282 1848 287 1857 ,
361 1787 796 1846 rolucus-uum.
887 1772 892 1782 ’

250 1915 331 1989 Quae
343 1909 410 1975 cura
423 1922 533 1992 patrum
544 1931 653 1992 quaere
667 1912 815 1986 Quiritium

164 2029 167 2038 =
247 1996 489 2060 Plenisbouorum
499 1998 746 2074 muneribustuas,

191 2072 199 2088 ⁸
297 2077 768 2161 Auguste,virtutesinaerum'

338 2165 393 2226 Per
402 2164 499 2226 titulos
509 2181 709 2244 memoresque
724 2164 815 2226 fastos

247 2290 397 2368 Aetemet‚
410 2308 438 2368 0,
450 2310 505 2370 qua
516 2291 560 2352 sol
570 2292 737 2353 habitabiles

247 2373 369 2434 Illustrat
381 2392 456 2452 oras,
475 2377 595 2437 maxime
604 2378 771 2456 principum,

298 2457 389 2531 Quem
398 2458 471 2536 legis
484 2469 618 2538 expertes
628 2459 742 2521 Latinae

337 2541 476 2602 Vindelici
488 2542 613 2604 didicere
624 2562 724 2623 nuper,

250 2665 324 2739 Quid
333 2666 423 2727 llarte
435 2665 560 2744 posses?
580 2667 671 2727 Milite
681 2676 802 2729 namtuo

245 2749 355 2810 Dmsus
367 2747 533 2828 (lebamus,
548 2750 727 2828 implacidum
739 2770 841 2830 genus,

295 2833 480 2913 Breunosque
490 2835 608 2895 veloces
621 2843 651 2894 et
661 2852 742 2896 arces
758 2876 761 2886 .

336 2917 456 2997 Alpibus
467 2921 612 2999 impositas
622 2919 773 2980 tremendis

244 3041 356 3102 Deiecit
368 3061 435 3124 acer
444 3044 509 3122 plus
519 3045 584 3104 vice
595 3045 730 3124 simplicl;
746 3059 753 3070 ‘

244 3123 334 3200 llaior
344 3124 487 3187 Neronum
498 3146 661 3207 musgrave
672 3129 812 3208 proelium

294 3207 441 3271 Commisit
449 3213 642 3292 immunesque
653 3214 759 3274 Raetos

335 3293 481 3373 Auspiciis
494 3297 603 3375 pepulit
613 3299 756 3375 secundis,
771 3337 778 3342 -
