2525 3942
135 175 245 262 [epm
259 161 295 260 n]
433 148 469 244 ,⁵
513 183 671 283 nmnnu.

142 332 384 406 lntcrrallavides
398 335 517 393 humane
529 334 685 396 commoda.
708 336 812 395 Verum
1003 372 1009 377 -
1070 344 1111 403 70

142 416 231 477 Purue
243 426 307 478 sunt
317 414 532 494 plateae,nil1il
543 426 573 475 ut
583 417 781 488 meditantibus
794 417 908 479 obstet?
1066 417 1070 427 ’

143 498 268 561 Festinat
279 500 387 560 calidus
402 500 484 559 mulis
495 500 662 577 gerulisque
672 499 823 577 redemtor,

142 581 268 660 Torquet
278 600 353 642 nunc
363 582 484 659 lapidem
495 600 569 642 nuno
579 578 680 660 ingens
694 584 821 644 machina
834 586 951 661 tignum,
1005 597 1009 602 ’
1100 590 1102 595 ’

46 686 51 695 ·
141 663 243 725 'l'ristia
253 666 379 725 robustis
389 665 528 725 luctantur
538 666 637 725 lunera
650 666 791 743 plaustris,

141 747 202 807 llao
210 749 324 808 rabiosa
335 749 407 825 iugit
416 750 510 824 canis,
523 749 577 808 buo
587 748 722 809 lutulenta
733 751 787 810 ruit
798 768 862 809 eus:

141 829 240 890 lnuno
252 839 280 890 et
290 848 392 890 versus
403 841 496 891 tecum
507 832 642 891 meditare
655 849 785 892 canoros.

141 913 316 990 Scriptorum
328 914 431 972 chorus
443 916 533 973 omnis
544 924 617 973 amat
627 933 725 975 nemus
737 924 765 973 et
776 915 848 991 iugit
859 912 955 992 urbes,

139 994 205 1055 Rite
218 995 308 1055 cliens
318 995 423 1055 Bacchi
435 1013 534 1079 somno
545 996 694 1073 gaudentis
707 1007 736 1057 et
746 998 856 1057 umbra:

139 1077 180 1136 'lu
195 1096 241 1137 mc
252 1081 324 1138 inter
334 1080 469 1155 strepitus
480 1088 633 1138 nocturnos
648 1089 733 1158 utque
745 1080 859 1143 diurnos

138 1161 189 1220 Vis
206 1178 307 1221 canere
319 1171 349 1221 et
359 1169 501 1222 contracta
513 1164 595 1239 sequi
604 1165 725 1241 vestigia
736 1160 852 1223 vatum?

137 1242 298 1321 Ingenium,
319 1244 374 1304 sibi
389 1246 466 1322 quod
479 1262 583 1319 vacuas
594 1246 732 1305 desnmsit
745 1245 869 1307 Athenas

136 1326 174 1385 Et
186 1326 285 1392 studiis
296 1344 384 1386 annos
396 1336 506 1404 septem
517 1328 594 1386 dedit
607 1330 787 1405 insenuitque

137 1409 228 1468 Libris
239 1418 268 1468 et
280 1411 370 1485 curis,
387 1418 477 1469 statua
488 1412 651 1469 taciturnius
667 1413 725 1471 exit

137 1492 307 1569 Plerumque
319 1500 348 1567 et
356 1493 415 1551 risu
426 1492 562 1569 populum
576 1495 677 1569 quatit:
691 1493 739 1551 bic
751 1508 807 1569 ego
818 1510 911 1554 rerum

137 1572 283 1634 Fluctibus
294 1576 322 1634 in
334 1574 433 1633 mediis
446 1574 475 1634 el
485 1576 699 1652 tempestatibus
714 1575 791 1635 urbis

137 1658 231 1717 Verba
242 1658 322 1736 lyrae
331 1668 440 1719 motura
451 1674 550 1716 sonum
562 1668 734 1716 connectere
747 1654 864 1733 digner?

137 1741 236 1801 Frater
247 1750 307 1800 crat
316 1740 425 1801 Romae
437 1739 558 1800 consulti
569 1741 682 1817 rhetor,
699 1750 729 1799 nt
740 1741 811 1800 alter

137 1824 262 1884 Alterius
273 1841 404 1883 sennoue
415 1841 510 1883 meros
525 1822 634 1883 audiret
644 1824 780 1898 honores,

139 1905 283 1967 Gracchus
293 1916 324 1966 nt
333 1908 381 1966 bic
391 1906 448 1984 illi,
462 1904 540 1966 ioret
557 1907 623 1967 buic
634 1915 664 1965 ut
674 1906 784 1968 Mucius
796 1905 853 1965 ille.

124 2013 128 2021 ¹
139 1990 195 2062 Qui
206 1991 297 2049 minus
311 2000 428 2069 argutos
440 1999 524 2050 vexat
534 1990 613 2048 furor
622 1991 677 2049 iste
690 1986 814 2065 poetas?

138 2071 266 2133 Carmina
281 2090 437 2150 compono,
453 2075 500 2133 bic
515 2061 626 2150 eleqos.
638 2071 801 2149 ,Mirabile
813 2072 876 2131 visu
918 2116 920 2125 ,

136 2153 477 2233 „Caelatumquenovem
489 2154 578 2215 llusis
590 2173 663 2233 opus
672 2155 703 2215 !“
718 2154 843 2232 Adspice
855 2154 983 2231 primum,
1033 2192 1041 2197 —

137 2238 248 2323 Quanto
261 2257 324 2298 cum
335 2239 425 2325 lastu',
442 2248 546 2316 quanto
557 2238 700 2299 molimine
715 2240 833 2297 circnm-

137 2330 299 2398 spectemus
311 2340 427 2382 vacuam
442 2321 577 2382 Romanis
587 2322 699 2381 vatibus
710 2320 824 2387 aedem;

135 2403 203 2463 lllox
214 2406 316 2480 etiam,
333 2408 357 2463 si
369 2406 444 2464 forte
456 2423 541 2463 vacas
550 2429 565 2479 ,‘
579 2420 702 2481 sequere
717 2411 746 2462 et
757 2401 856 2479 procul
867 2400 941 2476 audi,

138 2486 212 2558 Quid
223 2486 295 2545 ierat
307 2495 336 2545 et
347 2504 435 2563 quare
450 2488 505 2544 sibi
515 2495 610 2544 nectat
620 2496 742 2563 uterque
757 2500 900 2543 eoronam.

138 2566 303 2642 caedimur,
325 2576 354 2626 ct
367 2568 485 2626 totidem
496 2567 590 2643 plagis
601 2568 791 2626 consumimus
804 2565 915 2625 bostem

132 2648 226 2729 ¹Lento
242 2650 383 2714 Samnites
394 2649 429 2708 ad
440 2650 543 2707 lumina
553 2651 642 2725 prima
658 2648 763 2706 duello.

136 2732 264 2791 Discedo
279 2730 402 2791 Alcaeus
415 2740 518 2809 puncto
530 2730 763 2799 illius;'illen1eo
776 2726 861 2807 quis?
930 2788 942 2799 ,

136 2815 227 2890 Quis,
242 2817 297 2874 nisi
309 2811 519 2874 Callimachus?
539 2816 563 2873 si
575 2813 640 2891 plus
651 2829 811 2891 apposcere
821 2813 909 2886 visus,
1045 2814 1105 2875 100

135 2898 181 2958 Fit
190 2898 431 2973 Mimnermus,et
443 2900 541 2974 optivo
553 2898 723 2974 cognomine
738 2897 852 2955 crescit.
1056 2901 1058 2904 ’

134 2981 222 3041 blulta
233 2981 315 3057 iero,
331 2990 362 3039 ut
370 2980 481 3058 placem
493 2999 584 3056 genus
598 2979 734 3039 irritabile
745 2988 849 3053 vatum,
864 2994 868 3005 ‘

136 3063 207 3124 Gnm
221 3065 316 3123 scribo
332 3073 361 3123 et
372 3064 494 3141 supplex
504 3063 601 3141 populi
614 3062 747 3139 suffragia
759 3068 857 3138 capto,

120 3146 230 3223 idem,
245 3146 331 3205 linitis
343 3146 442 3206 studiis
455 3155 485 3205 ct
495 3155 588 3205 mente
599 3154 735 3222 recepta,
1011 3188 1015 3197 .

135 3229 270 3291 Obturem
282 3228 393 3307 patulas
404 3232 518 3307 impune
528 3229 688 3305 legentibus
704 3244 797 3286 aures.
1048 3229 1108 3288 105
