2525 3942
91 243 238 317 [reputet
322 269 326 283 ι
429 248 435 256 ’
499 242 610 303 LlBllll
625 241 663 303 ll.
781 294 784 301 .
872 241 875 249 ’
1001 246 1064 313 237

90 392 151 453 llos
163 392 266 453 ediseit
277 400 307 454 et
319 392 374 453 uos
385 403 446 454 arto
459 395 564 472 stipata
573 395 684 456 tlreatro
858 387 869 441 ἶ
1022 404 1064 466 60

90 476 207 555 Spectat
218 470 440 555 noma-possus,
453 478 538 539 lrabet
549 478 603 538 lros
614 487 798 559 numeratque
810 488 911 561 poetas
976 553 979 555 ,

89 560 136 620 Ad
146 568 273 620 nostrum
283 569 396 638 tempus
409 560 470 620 Livi
482 563 632 639 seripturis
648 564 778 645 abuero.

89 642 233 704 Interdum
241 643 347 722 vulgus
356 652 465 717 reetum
476 645 567 715 videt;
580 654 624 705 est
637 647 683 705 ubi
696 656 804 724 peeeat

90 727 120 786 Si
131 735 247 787 veteres
258 729 297 787 ita
308 729 423 787 miratur
432 727 584 807 laudatque
596 736 710 807 petitas,

1 825 2 850 ³
87 809 125 869 Ut
137 809 207 869 nihil
218 810 375 887 anteierat,
390 812 459 871 nilril
473 812 530 871 illis
541 822 704 891 eumparet:
717 812 806 883 errat;

43 940 46 951 ,
87 894 119 953 Si
135 893 273 971 quaedam
282 895 365 954 nimis
376 896 508 972 antiqua,
525 894 699 974 sipleraque
711 896 781 957 dure

86 976 194 1036 Dicere
206 977 296 1037 eredit
306 984 378 1054 eo's,
395 979 498 1055 ignave
509 980 725 1039 multalateturr

22 1090 29 1104 ι
88 1058 126 1119 llt
136 1061 212 1138 sapit
223 1069 252 1119 et
262 1078 373 1127 meeum
384 1061 453 1121 iaeit
464 1071 493 1121 et
504 1060 574 1122 love
585 1062 690 1124 iudieat
702 1080 806 1144 aequo.

86 1141 151 1203 Non
164 1143 294 1221 equidem
305 1146 433 1205 insector
443 1144 623 1225 delendaque
635 1147 758 1215 eamnina
768 1144 829 1206 Livi

85 1224 162 1287 llsse
173 1243 254 1304 reor,
267 1229 380 1289 memini
392 1247 466 1307 quae
478 1229 628 1307 plagosum
639 1232 706 1290 milri
720 1246 809 1309 partu
924 1281 929 1294 ,
1041 1304 1044 1315 Δ

87 1309 224 1371 Orbilium
235 1310 359 1380 dietam
374 1312 427 1372 sed
438 1313 585 1374 emendata
595 1313 687 1374 videri

85 1391 263 1471 Pulchraque
275 1403 304 1453 et
315 1397 423 1454 exaetis
434 1397 577 1469 minimum
587 1396 718 1457 distantia
731 1399 828 1458 mirer.
958 1440 966 1451 «

85 1475 165 1536 lnter
175 1476 376 1553 quaeverbum
387 1479 502 1539 ernieuit
516 1480 540 1537 si
551 1477 627 1538 forte
639 1478 773 1539 deserum
788 1488 818 1540 et

86 1560 118 1618 Si
128 1576 230 1619 versus
241 1558 338 1637 paullo
349 1562 515 1621 enneinnior
524 1578 597 1644 unus
608 1569 639 1622 et
649 1560 735 1622 alter:

85 1640 193 1701 Iniuste
206 1650 296 1703 tetum
307 1643 384 1704 dueit
393 1643 548 1723 venditque
561 1651 676 1722 poema.

83 1724 222 1803 indigner
232 1726 384 1806 quidquam
394 1727 581 1806 reprehendi,
597 1730 732 1806 nunquia
745 1745 841 1789 erasse
950 1801 956 1819 ⁸

69 1806 282 1887 xConpositum
293 1808 448 1888 illepideve
458 1820 585 1890 putetur,
601 1811 654 1872 sed
664 1812 730 1893 quia
740 1828 842 1890 nuper,

88 1890 153 1952 Nee
164 1894 275 1954 veniam
285 1896 427 1974 antiquis,
442 1894 495 1955 sed
505 1897 644 1981 leporem
656 1906 684 1957 et
695 1896 819 1974 praemia
830 1894 924 1974 posui.

86 1976 180 2037 lleete
191 1995 283 2037 neene
296 1994 411 2038 eroeum
422 1979 567 2059 doresque
581 1978 758 2059 perambulet
768 1979 852 2041 Attae

87 2058 195 2123 Fabula
206 2062 230 2120 si
243 2060 382 2138 dubitem,
404 2061 525 2124 elament
537 2066 661 2142 periisse
676 2063 814 2142 pudorem

88 2140 189 2203 Guneti
201 2149 295 2221 paene
307 2154 422 2223 patres,
439 2164 473 2208 ea
485 2166 548 2207 eum
559 2147 772 2226 reprehendere
783 2163 883 2231 eonsr,

86 2225 168 2300 Quae
181 2229 277 2305 gravis
287 2227 440 2309 Aesopus,
455 2250 529 2310 quae
540 2231 643 2292 duetus
654 2230 779 2305 lloseius
791 2231 865 2308 egit:

39 2309 44 2327 '
83 2309 140 2369 Vel
151 2312 217 2388 quia
228 2310 269 2375 nil
278 2322 401 2392 reatum,
415 2316 470 2375 nisi
482 2316 559 2395 quod
570 2316 678 2395 plaeuit
688 2316 762 2400 silli,
776 2315 890 2393 dueunt,
948 2380 951 2386 ,

83 2393 139 2454 Vel
150 2397 217 2471 quia
226 2404 310 2473 turpe
322 2407 421 2477 putant
430 2416 532 2477 parere
543 2400 715 2476 minoribus,
729 2408 758 2460 et
770 2415 842 2477 quae

83 2476 233 2538 imberbes
247 2478 392 2556 didicere,
405 2500 492 2541 senes
504 2483 650 2560 perdenda
661 2483 756 2543 lateri.

2 2567 12 2639 i,
83 2559 145 2621 lam
158 2559 267 2620 Saliare
278 2561 387 2622 Numae
398 2580 512 2624 eannen
524 2567 571 2642 qui
582 2565 678 2625 laudat
689 2573 718 2624 et
729 2564 807 2641 illud,
935 2584 940 2603 ·

86 2642 172 2717 Quod
182 2661 293 2703 meeum
304 2646 432 2723 ignorat,
449 2646 530 2706 solus
540 2648 601 2707 vult
612 2648 687 2707 seire
703 2646 803 2722 videri,

84 2727 213 2804 lng‘euiis
226 2743 283 2793 non
296 2727 345 2788 ille
355 2728 432 2791 lavet
443 2729 607 2809 plauditque
620 2729 752 2808 sepultis,

84 2810 190 2872 Nostra
202 2810 425 2899 sedimpuqnat,
440 2830 494 2873 nos
504 2823 660 2894 nostraque
671 2812 774 2873 liuidus
786 2812 855 2878 odit.

86 2894 172 2969 Quod
183 2896 209 2955 si
219 2904 276 2955 tarn
288 2894 407 2956 Graecis
417 2900 529 2958 novitas
540 2900 632 2958 invisa
643 2897 747 2957 luisset
815 2952 819 2958 ,

3 3008 4 3033 t
86 2979 177 3052 Quam
190 2979 292 3057 uobis,
307 2970 376 3058 quid
386 2998 461 3041 nune
472 2992 551 3042 esset
561 2979 667 3043 vetus?
680 2990 727 3041 aut
738 2978 805 3060 quid
819 2980 947 3059 musnet,
1064 2986 1067 2990 ’

85 3062 171 3134 Quod
181 3062 293 3140 legeret
301 3057 468 3142 'tereretque
478 3066 582 3126 viritim
594 3064 726 3144 publieus
737 3062 828 3147 usual
899 3114 905 3119 .

84 3146 121 3207 llt
133 3148 253 3225 primurn
268 3148 370 3225 positis
380 3151 480 3226 nugari
492 3149 612 3210 Graeeia
624 3147 708 3210 bellis

85 3229 191 3308 Coepit
202 3238 231 3290 et
241 3232 270 3291 in
280 3232 378 3290 vitium
389 3231 500 3291 fortuna
510 3231 601 3294 labier
610 3252 713 3313 aequa,
824 3278 827 3283 -

87 3313 168 3375 Nune
180 3314 346 3375 athletarum
361 3312 462 3375 studris
473 3334 547 3377 nune
557 3319 625 3378 arsit
638 3333 785 3397 equorum,
