2525 3942
389 219 460 298 ¹o.
483 217 790 266 uousuu‘susecr.
906 197 916 208 ’
989 192 1111 272 'xxm
1173 209 1184 232 '

112 385 241 454 querunt
286 378 399 448 Legitur
415 377 487 432 euim
507 377 535 432 in
550 378 608 435 vita
624 377 747 435 Horatii:
776 352 841 435 ‘dd
856 394 901 436 ret
916 395 1049 436 venereos
1065 383 1108 437 in·

112 465 308 536 temperantior
324 447 517 537 triditun',
534 463 718 533 sequiturque
730 463 854 519 narratio
870 463 1108 535 inhonestissime,

25 554 31 560 “
112 566 164 622 qua
183 547 273 620 turpis
286 545 393 602 matula
409 551 509 616 poetae
526 545 714 617 adspergitur.
749 546 806 602 Sed
823 548 1030 605 narratiunoum
1043 548 1107 618 istu,

78 679 80 684 .
111 641 140 688 ut
154 630 310 688 manifestis
327 629 496 699 argumentis
508 629 626 699 Lessing
637 609 808 702 (Rettuugen
824 632 874 686 des
888 626 996 704 Horas)
1012 637 1108 688 osteu-

111 718 167 791 dit,
191 733 206 771 a
221 713 401 784 grammatico
423 713 541 788 quodam
556 712 602 767 vel
623 715 758 783 monacho
774 714 898 784 insulso,
923 715 1004 770 dueta
1021 731 1037 769 e
1055 717 1108 772 Se-

53 822 66 830 ·
111 815 197 854 neeae
214 797 413 863 Quaestionum
429 797 592 852 naturalium
608 796 630 865 Ι,
646 799 696 865 16,
714 797 761 852 ubi
778 798 876 853 eadem
891 803 1037 853 narrantur
1053 815 1107 856 non

111 884 145 939 de
160 881 292 950 Horatio,
308 880 359 936 sed
375 881 409 936 de
424 879 523 935 Hostia
540 879 674 950 quodam,
690 881 800 951 aequali
812 880 949 951 Augusti,
968 882 1107 952 qui,euu1

110 984 126 1022 a
143 965 234 1032 servis
254 964 312 1020 suis
332 965 414 1019 Homo
429 963 614 1034 nequissimus
631 958 826 1033 oo'oideretur,
847 980 882 1018 ue
906 964 1029 1020 vindicta
1046 966 1108 1036 qui-

111 1051 252 1105 demeum
273 1047 385 1118 dignum
407 1045 559 1116 iudieavit,
581 1047 686 1102 inserta
709 1054 752 1102 est
767 1046 875 1103 Horatii
892 1047 975 1103 vitae.
1010 1049 1107 1118 Augu-

110 1139 169 1188 stus
186 1135 292 1199 autem,
315 1130 362 1201 qui
379 1125 557 1185 ‘indomitam
575 1145 659 1186 ausus
674 1136 718 1186 est
733 1131 884 1202 Refrenare
904 1130 1062 1185 lieentism'
1079 1138 1108 1186 et

94 1214 255 1271 -‘ordinem
277 1215 390 1268 Heotum
415 1213 544 1284 evaganti
566 1213 645 1269 trena
670 1213 801 1270 lieentiae
824 1214 925 1270 iuieeit
947 1214 1107 1285 emovitque

110 1297 226 1370 eulpas'
246 1294 313 1372 (ed.
332 1297 386 1366 IH,
400 1302 450 1367 nt,
470 1301 513 1354 29.
538 1297 590 1366 tv,
612 1302 662 1366 15,
684 1300 797 1368 9seqq.
821 1297 909 1370 Epist.
932 1297 977 1366 il,
995 1303 1025 1366 1,
1046 1303 1072 1353 2.
1089 1301 1114 1368 e,
1189 1290 1197 1299 “

110 1371 175 1437 ᾱοιι.
199 1380 314 1436 Sueten.
336 1381 409 1451 nug.
431 1384 476 1438 m.
499 1385 542 1438 en.
563 1383 605 1438 et.
630 1385 674 1436 m.
689 1378 741 1438 '72
764 1369 830 1452 te),
853 1381 957 1452 quique
978 1379 1107 1436 oinium

109 1465 219 1520 leviore
238 1464 273 1518 de
290 1479 372 1520 eausa
388 1463 476 1518 exilio
492 1463 600 1532 affeoit,
623 1479 767 1534 numquam
782 1465 943 1533 Horatium,
959 1479 1041 1534 quem
1048 1481 1105 1534 pe-

109 1550 249 1602 rissimem
266 1560 366 1616 penem
385 1547 483 1602 ioeose
500 1546 668 1619 appellavit,
691 1548 719 1602 in
741 1547 891 1603 amioorum
907 1547 1041 1602 eiroulum
1057 1547 1106 1603 ad-

109 1631 249 1700 misisset,
270 1631 297 1686 si
312 1626 419 1702 ‘turpis
437 1635 465 1684 et
480 1646 581 1686 exeurs
596 1630 716 1686 vixisset
730 1631 807 1687 oanis
824 1628 1005 1686 immundus'.
1049 1631 1106 1685 Ve-
1213 1697 1223 1702 -

108 1731 168 1770 rum
186 1719 265 1783 esto,
284 1713 411 1769 Suetonii
429 1714 493 1768 loeo
508 1718 618 1784 poetam
636 1729 690 1768 nou
706 1714 800 1783 tangi,
822 1730 914 1773 nonne
929 1714 990 1786 ipse
1005 1714 1106 1769 earmi-

108 1796 191 1854 nibus
220 1797 279 1854 suis
304 1797 449 1853 multarum
470 1797 634 1869 puellarum·
649 1812 758 1852 amores
783 1796 954 1852 celebrando
980 1797 1106 1867 arguitur

108 1873 298 1936 mutierosus?
332 1880 427 1952 Neque
442 1881 668 1937 hoeeonoedere
684 1879 781 1937 ausim.
815 1879 882 1936 Ham
897 1884 974 1934 reete
984 1881 1111 1934 oonten-¹
1164 1935 1170 1946 ,

109 1965 186 2022 disse
198 1964 328 2020 videntur
344 1964 398 2019 viri
414 1964 506 2034 doeti,
522 1963 682 2033 Horatium,
699 1963 824 2035 quamvis
839 1963 964 2033 alioquin
981 1957 1016 2018 ab
1031 1977 1106 2019 amo

109 2049 188 2104 ribus
207 2046 316 2102 minime
338 2045 550 2117 abhorrentem,
572 2053 662 2103 tamen
682 2063 736 2103 non
752 2047 906 2124 modonon
923 2061 1031 2105 amasse
1047 2038 1106 2102 om-

109 2147 159 2186 ues
171 2131 236 2185 ilias
252 2130 377 2202 puellas,
392 2131 427 2186 de
444 2131 543 2202 quibus
560 2131 711 2200 eeoiuerit,
727 2147 824 2187 verum
842 2131 924 2187 etiam
938 2130 1029 2186 omniu
1045 2130 1106 2184 iere

108 2214 220 2269 iliarum
247 2214 373 2283 uomina,
404 2214 429 2268 ii
452 2215 600 2286 exceperis
613 2214 751 2294 ,cumam
773 2231 842 2272 vere
866 2215 901 2271 ab
924 2231 958 2270 eo
979 2220 1105 2282 amamus,

109 2297 180 2352 adde
196 2295 278 2352 etiam
296 2297 401 2352 Chloen
418 2303 445 2352 et
461 2297 569 2367 Lyden,
585 2299 697 2369 poetiee
713 2299 900 2367 conduxisse,
916 2298 1045 2368 idemque
1063 2297 1104 2350 iu-

108 2379 199 2435 dieari
222 2386 353 2451 oportere
376 2381 410 2436 de
427 2380 558 2450 Ligurino
578 2378 646 2455 (0d.
665 2381 717 2451 IV,
738 2376 798 2456 1)‚,
822 2381 969 2437 Praeterea
992 2395 1105 2435 monen-
1144 2454 1154 2463 ·
1185 2435 1196 2454 ‚

109 2464 173 2518 dum
189 2468 248 2531 ost,
273 2463 409 2520 eiusmodi
429 2464 550 2521 earmina
572 2464 722 2534 amatoris,
745 2464 773 2520 in
794 2465 894 2536 quibus
915 2465 1019 2518 morem
1036 2477 1105 2517 suae

109 2545 210 2601 aetatis
233 2546 375 2618 sequitur,
393 2547 570 2618 praesertim
588 2564 671 2619 quum
690 2547 747 2618 siut
767 2549 803 2604 ad
825 2547 993 2604 Graecorum
1013 2545 1105 2600 imita-

109 2628 214 2684 tionem
232 2630 402 2700 eomposita,
420 2631 563 2686 maximam
579 2637 686 2702 partem
701 2631 769 2686 nihil
785 2646 865 2699 esse,
887 2628 941 2684 uisi
957 2643 1050 2684 meros
1062 2626 1105 2681 in-

110 2706 188 2780 genii
206 2711 300 2780 lusus,
315 2718 352 2768 et
368 2715 470 2770 eadere
484 2713 515 2768 in
531 2711 689 2782 Horatium,
712 2713 787 2783 quod
808 2719 852 2768 est
871 2709 945 2781 apud
962 2707 1105 2766 Ovidium:

110 2790 219 2850 ‘Crede
236 2796 318 2864 mihi,
340 2796 444 2853 distant
459 2789 552 2853 mores
568 2814 583 2853 a
601 2796 727 2854 carmine.
740 2795 845 2865 nostri,
865 2794 929 2850 Vita
945 2793 1106 2850 verecunda

109 2881 168 2945 est,
185 2877 262 2935 Husa
277 2879 374 2936 ioeosa
389 2878 477 2936 mea'.
521 2879 617 2952 Neque
632 2879 661 2936 id
677 2885 755 2936 reete
769 2879 878 2935 urimini
893 2884 1036 2934 verterunt
1049 2875 1106 2934 Ho-

108 2959 298 3032 ratio,·quod
319 2968 403 3020 totani
422 2963 507 3020 vitem
531 2963 661 3034 exegerit
679 2963 816 3020 oae‘libem
839 2959 906 3037 (Od.
927 2963 982 3033 111,
1001 2967 1034 3032 8,
1056 2956 1105 3036 1);

109 3043 258 3124 eratenim
273 3045 397 3103 infirmae
412 3047 579 3104 valetudinis
597 3043 738 3121 (epoti,
750 3052 793 3106 16.
810 3046 898 3119 Epist.
914 3046 937 3115 1,
954 3049 981 3115 t,
993 3051 1011 3104 3
1024 3060 1117 3116 seqq·
1159 3040 1169 3052 ‘

106 3130 141 3182 25
154 3142 237 3198 seqq.
261 3128 298 3183 ei.
315 3127 403 3200 Epist.
419 3135 438 3188 8
453 3136 481 3184 et
497 3125 545 3204 15)
561 3136 702 3200 totumque
718 3147 750 3186 se
764 3131 855 3186 literis
870 3129 1025 3186 addixerat.

192 3209 304 3280 Restat,
319 3217 350 3265 ut
366 3211 401 3272 de
417 3213 534 3269 externo
550 3218 650 3284 potitae
664 3213 811 3285 habitune
825 3213 900 3270 iseie
915 3227 1004 3283 pausa
1020 3210 1106 3264 adda·
1190 3249 1195 3260 .

106 3308 175 3348 mus.
220 3293 348 3364 Legimus
363 3287 497 3352 autemin
513 3295 570 3352 vitu
586 3296 678 3352 eiust
694 3285 830 3353 suetonio
844 3286 1004 3365 tonsoripta
1018 3292 1104 3346 haee:

106 3373 229 3432 ‘Habitu
242 3379 369 3448 eorporis
383 3378 472 3435 dream
482 3371 539 3451 suit
550 3384 633 3452 etque
645 3379 757 3450 edesus,
770 3379 860 3452 quotis
874 3381 932 3455 etse
945 3379 1030 3429 semet
1045 3375 1107 3443 ipso
