2525 3942
113 231 135 320 J
155 220 218 299 ‘rso
537 236 754 297 1111111111
890 251 899 259 ·
966 242 1123 319 [sacru]

239 387 277 448 Ut
292 388 437 447 metiretur
447 402 592 463 nummos,
608 388 646 447 ita
660 388 810 465 sordidus,
829 398 860 450 ut
873 408 906 449 se

239 471 305 531 Non
317 488 439 549 unquam
450 487 535 530 servo
546 470 648 531 melius
660 473 795 548 vestiret,
810 472 948 551 adusque

241 555 409 632 Supremam
423 563 550 633 tempus,
565 572 601 614 ne
615 572 649 614 se
660 558 777 633 penuria
787 558 879 615 victus

241 637 598 716 Opprimeret,metuebat.
632 637 670 698 m
681 638 754 701 buuo
767 639 867 699 liberta
877 640 971 701 securi
1077 635 1080 639 ’

157 722 219 783 100
239 721 344 781 Divisit
357 720 493 798 medium,
507 721 661 781 fortissima
673 720 900 799 Tyndaridarum.

240 802 343 876 §Quid
353 806 391 863 mi
402 804 487 882 igitur
497 803 620 865 suades?
630 804 668 865 Ut
678 806 770 867 vivam
778 804 922 884 Maeuius,
939 815 986 867 aut
996 808 1050 883 sic,

239 887 277 948 Ut
289 885 501 947 Nomentanus?
512 892 532 958 9
542 887 642 965 Pergis
653 890 806 966 pugnantia
821 907 930 949 secum.
946 898 950 907 ·

239 970 391 1032 Frontibus
408 970 535 1030 adversis
550 988 738 1047 componere:
754 982 811 1031 non
824 988 896 1050 ego,
912 984 1028 1033 avarunt
1051 1007 1055 1015 f

240 1051 311 1114 0111
325 1063 392 1113 veto
407 1061 436 1112 te
447 1054 526 1129 lieri,
543 1070 664 1131 vappam
679 1054 766 1114 iubeo
775 1072 810 1115 ac
823 1055 1003 1117 nebulonem.
1085 1084 1092 1091 ν

157 1136 216 1199 105
237 1136 290 1199 Est
300 1135 486 1198 iuter'l'auain
496 1136 628 1215 quiddam
638 1154 827 1216 socerumque
839 1138 949 1198 Viselli.

237 1219 291 1282 Est
304 1219 405 1278 modus
415 1221 444 1279 in
457 1220 558 1295 rebus,
573 1229 640 1280 suut
651 1223 720 1303 certi
732 1221 855 1299 denique
867 1222 949 1297 flues,

240 1303 320 1376 Quos
331 1301 403 1362 ultra
414 1304 541 1381 citraque
553 1306 653 1382 nequit
664 1306 822 1365 consistere
832 1313 950 1365 rectum.
965 1338 1003 1349 -

118 1459 122 1463 1
237 1384 323 1462 illuc,
336 1384 411 1445 uude
421 1386 493 1462 abii,
508 1386 615 1461 redeo,
630 1387 680 1463 qui
694 1404 798 1464 nemo,
818 1394 848 1446 ut
863 1402 966 1447 avarus

239 1469 278 1528 Se
288 1468 392 1546 probet
402 1486 437 1529 ac
450 1471 547 1548 potius
557 1469 653 1530 laudet
664 1469 776 1531 diversa
790 1478 955 1548 sequentes,

156 1556 216 1617 110
238 1552 379 1630 Quodque
393 1551 485 1616 aliena
496 1552 606 1630 capella
615 1561 697 1630 gerat
712 1553 860 1616 distentius
875 1553 956 1628 uber,

145 1655 153 1674 s
235 1633 393 1710 labescat,
405 1653 500 1714 neque
511 1654 545 1697 se
555 1638 655 1697 maiori
667 1638 865 1714 pauperiorum

238 1717 350 1779 Turbae
368 1728 530 1797 comparet,
548 1720 629 1790 ,bunc
647 1728 733 1797 atquo
751 1720 826 1793 huuc
846 1736 980 1860 supprure
995 1716 1033 1777 la·

818 1803 900 1864 borel

238 1885 287 1945 Sic
299 1885 441 1946 festinanti
451 1902 567 1963 semper
577 1884 750 1962 locupletior
760 1885 864 1960 obstat,
1047 1956 1053 1965 Ι

236 1967 290 2044 llt,
305 1986 368 2029 cum
379 1970 541 2029 carceribus
552 1970 656 2029 missos
668 1970 742 2044 rapit
752 1967 856 2044 uugrula
871 1983 979 2042 currus,

153 2050 214 2111 115
236 2049 326 2130 instat
335 2055 417 2130 equis
427 2055 524 2129 aumga
536 2069 605 2121 suos
617 2049 810 2125 vincentibus,
826 2049 904 2109 illum

236 2134 419 2196 Praeteritum
429 2144 557 2194 temnens
569 2142 711 2194 extremos
723 2133 797 2193 iuter
809 2142 930 2193 euntem.
999 2140 1003 2155 '

236 2216 307 2277 lude
323 2218 370 2294 lit,
387 2226 509 2292 utras-o,
523 2219 572 2293 qui
583 2234 616 2275 se
627 2216 737 2275 vixisse
747 2216 859 2277 beatum

235 2300 319 2360 Dicat
330 2309 359 2358 et
370 2308 471 2360 exacto
482 2306 632 2359 contentus
643 2306 773 2375 tempore
783 2302 840 2359 vita

237 2382 326 2443 Cedat
337 2384 378 2441 uti
392 2383 512 2441 conviva
523 2390 616 2457 satur,
628 2383 757 2458 reperire
768 2400 913 2460 queamus.
928 2417 966 2429 -

234 2462 293 2524 lam
310 2467 378 2524 satis
390 2473 445 2525 est.
487 2464 533 2525 Ne
546 2483 593 2525 me
608 2462 732 2542 Crispini
743 2469 846 2526 scrinia
860 2465 931 2543 lippi
1017 2513 1028 2522 .

235 2544 414 2626 Gompilasse
431 2557 532 2626 putes,
547 2549 666 2610 verbum
677 2564 733 2609 uon
745 2550 864 2627 amplius
876 2549 984 2621 addam.

557 2728 711 2735 m

514 2866 700 2923 sermm
711 2865 764 2919 11.

232 2971 449 3032 Ambubaiarum
465 2971 603 3047 collegia,
618 2968 865 3047 pharmacopolae,

232 3054 356 3116 blendici
362 3098 377 3137 ,ι
384 3056 503 3126 mimae,
519 3052 698 3126 balatrones,
710 3052 766 3111 hoc
777 3068 868 3128 genus
881 3069 964 3114 omne

231 3136 369 3197 Maestum
383 3152 417 3195 uc
431 3134 583 3194 sollicitum
597 3143 644 3195 aet
655 3136 777 3195 cautoris
790 3143 880 3195 morte
891 3134 1016 3215 Tigelli:-

171 3216 181 3236 ⁸
232 3219 347 3296 Quippe
357 3219 499 3294 benignus
510 3225 579 3277 erat.
603 3216 707 3279 Contra
718 3218 776 3294 bic,
789 3236 825 3277 no
837 3218 974 3299 prodigus
985 3238 1052 3283 esse

186 3302 207 3365 6
228 3302 346 3362 Dicatur
357 3307 502 3376 metuens,
519 3302 598 3381 inopi
610 3301 677 3363 dare
689 3301 760 3361 nolit
773 3302 876 3378 arnico,
